2164 3471
1620 319 1674 360 15

209 448 241 479 p.
271 437 349 478 383.
378 437 445 477 384
472 437 516 469 K.

207 507 223 550 l
264 507 418 550 littera
461 519 700 549 consonans
742 507 1014 551 semivocalis
1058 508 1225 560 liquida
1267 512 1358 550 tam
1391 509 1675 562 praeponitur

208 578 433 622 vocalibus
464 578 510 620 in
541 578 714 632 syllaba
747 591 876 631 quam
908 580 1210 633 subiungitur:
1244 580 1540 634 praeponitur,
1580 593 1674 622 cum

207 650 380 693 laudem
412 650 553 704 legem
586 654 632 692 et
663 650 731 692 his
763 651 924 693 similia
955 651 1202 704 scribimus3
1238 651 1529 705 subiungitur,
1562 655 1672 694 tam-

210 734 340 774 quam
372 721 509 774 alma3
543 722 824 776 subiungitur
850 722 953 764 item
979 723 1330 775 consonantibus,
1364 735 1458 765 cum
1481 723 1674 766 Clodium

160 806 181 841 5
207 793 488 836 nominamus.
552 806 647 836 cum
689 794 782 836 sola
824 794 1017 847 ponitur,
1060 794 1242 836 Lucium
1284 794 1525 848 siguificat3
1568 795 1671 837 item

206 877 453 919 numerum,
493 878 588 907 cum
621 865 944 919 quinquaginta
974 865 1204 919 significat.
1267 878 1308 907 m
1339 866 1494 908 littera
1527 878 1672 909 conso-

206 949 316 979 nans
347 936 622 980 semivocalis
654 937 821 990 liquida
852 940 944 979 tam
974 937 1260 990 praeponitur
1290 937 1515 980 vocalibus
1548 950 1676 990 quam

207 1008 509 1062 subiungitur,
552 1012 774 1061 tamquam
815 1012 961 1051 monet
1004 1014 1255 1051 commonet.
1318 1009 1598 1063 subiungitur
1632 1013 1676 1051 et

209 1080 570 1134 consonantibus,
618 1093 714 1123 cum
760 1080 937 1134 agmina
978 1068 1181 1133 dicimus3
1229 1083 1336 1123 nota
1372 1080 1676 1133 praenominis,

138 1163 182 1198 10
208 1165 305 1195 cum
336 1153 535 1195 Marcum
573 1151 666 1195 sola
697 1152 862 1205 scripta
893 1151 1125 1205 significat.
1189 1165 1218 1194 n
1249 1152 1402 1194 littera
1435 1164 1676 1195 consonans

207 1223 481 1267 semivocalis
518 1223 687 1276 liquida
718 1227 810 1266 tam
841 1224 1127 1277 praeponitur
1157 1223 1382 1267 vocalibus
1415 1236 1542 1276 quam
1575 1225 1674 1266 sub-

207 1295 426 1350 iungitur,
478 1298 529 1338 ut
582 1299 714 1338 natus
761 1299 877 1340 ante.
954 1295 1061 1338 item
1107 1295 1388 1349 subiungitur
1435 1299 1480 1337 et
1527 1307 1675 1337 conso-

207 1367 438 1420 nantibus,
480 1371 531 1409 ut
573 1367 749 1409 Cnidius
791 1366 1016 1421 Cynthius.
1077 1370 1184 1409 nota
1225 1366 1538 1419 praenominis,
1581 1379 1676 1409 cum

209 1438 302 1482 sola
345 1438 598 1481 Numerium
639 1438 878 1492 significat;
920 1439 1027 1481 item
1069 1438 1324 1481 consonanti
1361 1438 1594 1480 subiuncta
1637 1438 1675 1480 G

140 1521 184 1555 15
211 1510 427 1564 Gnaeum,
470 1522 597 1562 quem
639 1510 810 1563 antiqui
843 1510 856 1563 ΙΙ
893 1509 1141 1564 Gnaevum,
1182 1522 1297 1552 nunc
1339 1510 1467 1564 volgo
1498 1509 1677 1553 brevius

210 1582 408 1625 audimus
440 1581 649 1637 Gnaeum,
682 1582 815 1624 etiam
847 1581 884 1624 si
914 1582 1098 1624 nominis
1127 1594 1258 1624 causa
1278 1581 1487 1635 ponimus.
1549 1595 1573 1624 r
1602 1581 1675 1623 lit-

209 1656 308 1696 tera
339 1665 578 1696 consonans
610 1653 883 1696 semivocalis
914 1653 1081 1705 liquida
1112 1657 1202 1697 tam
1235 1652 1521 1706 praeponitur
1547 1665 1676 1696 voca-

208 1725 323 1768 libus
369 1737 498 1777 quam
541 1725 840 1779 subiungitur,
899 1728 950 1767 ut
996 1737 1143 1767 ramus
1190 1737 1332 1777 arma3
1379 1724 1485 1767 item
1528 1737 1674 1767 conso-

208 1796 417 1839 nantibus
459 1796 761 1851 subiungitur,
803 1799 854 1839 ut
889 1797 935 1839 in
968 1797 1135 1839 Crasso.
1197 1809 1217 1839 s
1248 1796 1402 1838 littera
1435 1808 1675 1838 consonans

138 1878 184 1913 20
210 1867 484 1911 semivocalis
524 1870 616 1910 tam
657 1868 943 1920 praeponitur
984 1868 1209 1911 vocalibus
1252 1868 1676 1919 consonantibusque

210 1952 340 1992 quam
381 1939 662 1993 subiungitur
703 1939 948 1994 vocalibus,
990 1943 1040 1982 ut
1081 1939 1191 1982 satis
1233 1939 1377 1981 statis.
1450 1952 1480 1981 x
1521 1938 1675 1981 littera

211 2023 450 2054 consonans
506 2011 781 2054 semivocalis
834 2011 994 2065 duplex
1039 2012 1085 2053 in
1131 2011 1275 2053 media
1321 2013 1494 2053 tantum
1546 2014 1676 2064 parte

329 2154 351 2188 2
377 2156 594 2197 subiungitur
620 2156 646 2186 S
679 2156 779 2187 Char.
806 2156 918 2187 Diom.
954 2155 1157 2197 subponitur
1182 2157 1226 2186 H
1243 2154 1246 2197 Ι
1270 2165 1345 2186 curn
1381 2155 1407 2186 S
1433 2155 1534 2187 Char.
1560 2155 1674 2187 Diam.

211 2215 347 2257 quando
373 2216 418 2247 H
533 2214 556 2248 3
593 2215 812 2256 subiungitur
845 2216 871 2247 S
897 2215 997 2248 Char.
1023 2216 1136 2246 Diem.
1172 2215 1376 2257 subponitur
1399 2215 1444 2246 H
1464 2215 1676 2255 subiungitur

210 2276 314 2307 altero
347 2276 414 2307 loco
447 2286 509 2307 om.
541 2275 587 2306 H
725 2272 748 2308 4
786 2285 861 2306 cum
895 2275 921 2306 S
947 2275 1046 2307 Char.
1072 2275 1187 2306 Diam.
1223 2274 1359 2316 quando
1386 2272 1451 2316 H}
1475 2273 1611 2304 clodum
1638 2273 1682 2303 H

211 2333 233 2368 8
258 2335 462 2376 subponitur
485 2332 551 2376 ΗΙ
575 2339 766 2366 commonet
791 2346 852 2365 om.
879 2335 923 2365 H
1021 2332 1042 2366 9
1068 2339 1151 2365 nota
1176 2344 1362 2376 prenomen
1388 2334 1414 2364 S
1514 2331 1560 2365 10
1585 2333 1674 2363 Mar-

210 2405 287 2426 cum
312 2405 375 2426 om.
401 2394 428 2426 S
472 2393 518 2427 11
544 2394 758 2435 subiungitur
784 2394 810 2426 S
831 2395 944 2425 Diem.
973 2394 1173 2436 subponitur
1198 2395 1242 2425 H
1285 2392 1331 2426 12
1373 2399 1410 2424 ut
1435 2404 1497 2424 om.
1525 2391 1574 2433 Sl
1596 2392 1675 2423 item

211 2454 237 2486 S
260 2454 362 2485 etiam
388 2455 433 2485 H
559 2452 606 2486 13
643 2459 680 2485 ut
704 2465 766 2485 om.
795 2454 820 2485 S
847 2452 850 2496 Ι
882 2454 1012 2495 cytnius
1039 2454 1065 2485 S
1086 2465 1148 2485 om.
1174 2454 1218 2485 H
1238 2465 1325 2484 corr.
1352 2453 1435 2484 Keil
1459 2451 1463 2493 Ι
1494 2456 1575 2483 nota
1601 2462 1676 2493 pre-

210 2523 335 2545 nomen
360 2514 387 2544 S
505 2511 552 2546 14
576 2523 752 2544 numerum
778 2514 822 2545 H
842 2519 874 2545 et
899 2513 1163 2544 consonantibus
1188 2513 1403 2553 subiungitur
1428 2517 1464 2543 ut
1488 2522 1612 2553 gneum
1638 2512 1682 2542 H

211 2573 479 2605 consonantibus
505 2573 723 2614 subiungitur
747 2578 766 2604 ὃ
793 2583 916 2613 gneum
942 2573 968 2604 S
990 2584 1078 2604 corr.
1105 2573 1188 2604 Keil
1297 2571 1343 2605 15
1381 2571 1512 2612 antiqui
1539 2570 1676 2612 quidem

209 2630 276 2676 H}
299 2632 477 2665 Gnaevum
502 2633 586 2664 Keil
607 2632 753 2664 Gneium
778 2633 823 2664 H
843 2632 1010 2664 Gnaeium
1036 2630 1084 2673 Sl
1107 2632 1211 2673 uulgo
1237 2633 1281 2663 H
1378 2630 1424 2663 16
1449 2631 1478 2662 si
1503 2630 1538 2661 in
1565 2630 1675 2660 nomi-

210 2693 263 2724 nis
289 2693 316 2724 S
337 2693 439 2724 deleta
465 2693 572 2724 altera
597 2692 609 2722 i
634 2690 700 2735 ΗΙ
723 2692 880 2733 ponimur
905 2692 949 2723 H
1059 2689 1101 2723 17
1137 2697 1169 2723 et
1194 2691 1414 2733 praeponitur
1441 2690 1618 2722 uocalibus
1645 2694 1676 2720 et

210 2752 428 2793 subiungitur
454 2751 480 2783 S
581 2749 628 2785 18
653 2751 855 2793 subponitur
879 2753 924 2783 H
1024 2749 1070 2784 19
1096 2757 1132 2782 ut
1155 2752 1190 2782 in
1217 2763 1279 2783 om.
1306 2752 1332 2782 S
1426 2748 1472 2782 20
1499 2755 1530 2782 et
1556 2760 1674 2781 conso-

211 2811 371 2843 nantibus
396 2811 441 2843 H
533 2809 578 2843 21
605 2811 806 2853 subponitur
830 2812 875 2843 H
