2148 3407
390 904 410 938 00

459 279 512 320 22

463 408 495 438 p.
524 397 602 437 387.
631 397 698 437 388
725 397 768 430 K.

783 491 930 539 HEPI
969 490 1209 540 ΚΟΙΝΗΣ
1249 490 1594 539 ΣΥΛΛΑΒΗΣ

578 608 682 651 ΧΠ.
743 612 887 654 Κοιναὶ
913 612 1117 670 συλλαβαὶ
1137 613 1316 668 γίνονται
1334 612 1496 668 τρόποις
1515 615 1724 669 τέτρασιν·
1757 616 1915 671 πρώτῳ,

461 683 530 724 ἐὰν
571 684 874 740 συνεσταλμένῳ
917 685 1108 741 φωνήεντι
1149 683 1380 741 ἐπιφέρηται
1419 683 1492 724 ’δύο
1525 683 1739 741 σύμφωνα,
1784 684 1836 726 ὧν
1866 686 1916 727 τὸ

462 755 532 811 μὲν
562 754 858 811 προηγούμενον
889 755 995 796 ἐστιν
1027 753 1206 812 ἄφωνον,
1238 755 1288 795 τὸ
1319 755 1366 795 δὲ
1396 754 1582 811 ’δεύτερον
1614 756 1733 812 ὑγρὸν
1764 755 1916 813 ἀμετά-

461 825 595 882 βολον.
659 825 827 883 βραχεῖα
857 827 936 882 γάρ
969 825 1075 867 ἐστιν
1107 825 1146 866 ἐν
1177 825 1309 881 τούτῳ
1433 827 1592 882 ’μακρὰ
1621 827 1670 868 δὲ
1700 827 1740 868 ἐν
1770 828 1917 884 τούτῳ,
1966 836 1988 870 5

461 897 529 938 ἐὰν
574 898 621 938 δὲ
665 896 738 938 δύο
776 896 969 954 σύμφωνα
999 896 1053 945 εἰς
1082 896 1155 938 δύο
1193 893 1208 947 ΙΙ
1245 896 1456 953 συλλαβάς
1486 896 1579 938 εἰσιν
1608 898 1840 954 διῃρημένα,
1873 896 1918 938 οὐ

461 969 614 1024 γίνεται
643 969 777 1020 κοινή,
817 967 929 1008 ἀλλὰ
959 967 1070 1009 θέσει
1101 969 1259 1024 μακρά,
1293 970 1346 1017 ὡς
1376 968 1416 1009 ἐν
1446 974 1505 1024 τῷ
1538 968 1722 1024 ἀνωτέρω
1755 967 1918 1024 ἀνηνέγ-

460 1054 586 1096 καμεν
630 1033 757 1093 [τοῦτ’
787 1033 909 1091 ἔστιν]
1033 1036 1138 1080 ὀὔτ’
1176 1038 1245 1079 ἐὰν
1285 1039 1484 1097 ἡμίφωνον
1516 1039 1569 1088 εἷς
1599 1039 1648 1080 τὸ
1682 1038 1781 1080 αὐτὸ
1815 1040 1920 1096 μετὰ

461 1115 533 1151 τοῦ
582 1109 840 1167 ἀμεταβόλου
891 1109 1065 1168 συνέλθῃ
1203 1108 1339 1167 ,ἑτέρῳ
1386 1111 1519 1166 τρόπῳ
1561 1111 1738 1167 γίνονται
1777 1110 1917 1161 κοιναί,

463 1181 561 1223 ὅταν
613 1182 804 1239 φωνήεντι
854 1181 1106 1237 ἐκτεταμένῳ
1161 1181 1392 1239 ἐπιφέρηται
1438 1186 1611 1239 φωνῆεν·
1665 1180 1834 1238 βραχεῖα
1879 1181 1919 1222 ἐν
1946 1182 2010 1225 10’

461 1252 593 1308 τούτῳ
695 1253 846 1309 ,μακρὰ
865 1253 912 1293 δὲ
934 1252 1061 1301 οὕτως
1164 1252 1289 1310 ,φύσει
1309 1253 1387 1309 γὰρ
1411 1253 1563 1310 μακρόν
1584 1252 1690 1294 ἐστιν
1706 1253 1756 1294 τὸ
1774 1267 1794 1294 0
1812 1267 1918 1294 στοι-

462 1328 580 1381 χεῖον,
615 1323 706 1380 ὅπερ
739 1323 778 1364 ἐν
810 1328 894 1372 τοῖς
925 1323 1109 1380 ἀνωτέρω
1133 1322 1223 1365 ἀντὶ
1244 1323 1433 1381 βραχείας
1453 1324 1729 1380 παρείληπται.
1781 1324 1918 1380 τρίτῳ,

463 1394 561 1436 ὅταν
592 1394 760 1452 βραχεῖα
791 1394 978 1454 συλλαβῇ
1009 1395 1063 1444 εἰς
1094 1396 1212 1451 μέρος
1243 1395 1369 1451 λόγου
1401 1397 1662 1453 περαιουμένη
1689 1395 1920 1453 ἐπιφέρηται

463 1471 613 1524 φωνῆεν
626 1472 634 1481 ·
659 1464 765 1508 ἔστιν
786 1468 864 1523 γὰρ
886 1466 1049 1523 <μακρὰ
1070 1466 1110 1506 ἐν
1130 1466 1290 1521 τούτῳ>
1402 1465 1584 1524 ,βραχεῖα
1605 1466 1645 1507 ἐν
1665 1466 1800 1522 τούτῳ

462 1538 646 1594 τετάρτῳ
677 1538 823 1594 τρόπῳ,
855 1537 924 1578 ἐὰν
954 1538 1063 1596 λήγῃ
1095 1537 1149 1586 εἷς
1179 1537 1387 1595 σύμφωνον
1417 1538 1487 1578 καὶ
1516 1537 1747 1595 ἐπιφέρηται
1778 1532 1836 1592 [ἢ]
1868 1538 1917 1579 τὸ
1945 1546 1989 1580 15

463 1605 491 1647 h
524 1613 732 1666 στοιχεῖον.
795 1607 901 1650 ἔστιν
931 1609 978 1650 δὲ
1000 1608 1167 1666 βραχεῖα
1190 1609 1316 1658 οὕτως
1428 1610 1578 1666 ,μακρὰ
1598 1609 1646 1650 ’δὲ
1667 1609 1795 1658 οὕτως

586 2634 608 2668 4
649 2647 849 2678 προτουμενο
875 2637 918 2668 H
1015 2634 1037 2669 8
1074 2629 1160 2669 τοῦτ’
1188 2629 1274 2669 ἔστιν
1299 2637 1370 2668 secl.
1396 2637 1479 2668 Keil
1574 2634 1620 2669 12
1658 2637 1870 2678 παρελειπται
1895 2636 1922 2667 S

468 2707 554 2726 corr.
581 2696 663 2726 Keil
766 2694 812 2728 13
837 2706 1034 2738 περεουμενο
1061 2696 1086 2727 S
1107 2707 1193 2727 corr.
1221 2696 1302 2728 Keil
1402 2693 1448 2728 14
1474 2696 1589 2738 μακρὰ
1614 2688 1648 2728 ἐν
1673 2693 1778 2737 τούτῳ
1803 2695 1921 2726 addidi

468 2752 514 2787 15
539 2751 560 2796 ἦ
584 2755 654 2786 secl.
682 2755 763 2786 Keil
