2148 3407
485 324 539 365 36

484 453 516 483 p-
543 448 624 482 395-
654 440 721 480 396
747 440 791 472 K-

413 523 435 556 4
483 514 615 556 λύτων
647 513 853 570 ὀνομάτων
884 513 1036 568 γίνεται
1066 510 1156 553 ἄνευ
1188 513 1294 561 τινὸς
1324 513 1566 568 συγκρίσεως
1688 512 1824 553 ,ἐκεῖνο
1847 511 1944 559 <δὲ>

486 588 685 643 μέμνησο,
728 584 790 625 ὅτι
821 583 883 624 ἀεὶ
913 585 968 624 τὰ
1000 584 1282 639 ὑποκοριστικὰ
1311 587 1396 632 τοῖς
1427 583 1539 632 ἷδίοις
1570 586 1721 640 γένεσιν
1753 582 1848 624 ὅθεν
1879 582 1942 638 ὁρ-

487 662 614 714 μᾶται
643 660 853 713 συμφωνεῖ,
886 654 1008 710 ὀλίγα
1030 652 1044 705 ΙΙ
1065 655 1266 712 διαφωνεῖ,
1306 656 1358 702 ὡς
1389 655 1438 694 τὸ
1559 655 1729 695 σεῦτλον
1750 654 1945 703 σευτλίον,

487 728 653 785 μαλάχη
687 727 904 783 μαλάχιον,
939 720 1181 781 [ἀρτοκόπος
1212 725 1449 781 ἀρτοκὸπιον
1479 719 1608 783 ξίφος]
1731 725 1798 765 ,τὰ
1829 724 1944 781 μονό-

486 814 629 839 πτωτα
672 799 720 839 δὲ
768 797 949 854 ὀνόματα
995 797 1065 837 καὶ
1104 801 1240 837 ταῦτα
1283 796 1310 836 ἃ
1351 796 1464 854 φύσει
1504 795 1614 837 ἑνικά
1655 796 1785 847 ἐστιν,
1833 794 1945 836 τοῦτ’
1993 801 2014 835 5

487 868 594 911 ἔστιν
623 871 678 910 τὰ
710 873 901 925 στοιχεῖα,
936 868 1080 924 ὁμοίως
1110 873 1190 908 τῶν
1220 873 1411 924 ποταμῶν
1442 868 1512 908 καὶ
1541 873 1621 908 τῶν
1654 866 1753 923 ὀρῶν
1783 868 1840 907 τὰ
1861 865 1944 907 ὀνό-

490 956 602 998 ματα
632 940 760 996 κύρια,
794 940 938 996 ὁμοίως
971 938 1012 979 αἱ
1039 937 1188 994 ἑορταί,
1223 939 1367 995 ὁμοίιος
1387 943 1468 978 τῶν
1489 939 1742 995 γραμμάτιον
1762 939 1818 978 τὰ
1839 952 1945 979 στοι-

489 1016 600 1069 χεῖα,
644 1012 788 1068 ὁμοίως
820 1010 856 1052 οἱ
887 1009 1072 1067 ἀριθμοί,
1116 1010 1296 1066 μείωσιν,
1340 1008 1360 1050 ὃ
1394 1009 1430 1050 οἱ
1452 1008 1652 1061 ’Έλληνες
1684 1009 1946 1066 ὑποκορισμὸν

489 1084 703 1134 καλοῦσιν,
747 1082 819 1123 οὐκ
860 1081 1113 1138 ἀναδέχεται.
1175 1079 1307 1127 <ἔστιν
1337 1081 1408 1122 καὶ
1438 1080 1465 1121 ἃ
1495 1081 1605 1136 παρὰ
1633 1080 1788 1122 τούτων
1821 1079 1946 1137 ῥημα-

489 1156 585 1195 τικὰ
615 1154 819 1209 λέγεται>,
852 1154 963 1210 ἡμεῖς
992 1153 1041 1193 δὲ
1062 1153 1134 1193 οὐκ
1156 1152 1336 1203 ἀνοήτως
1456 1151 1631 1208 ἐροῦμεν,
1666 1153 1719 1200 ὡς
1740 1150 1846 1193 ἔστιν
1867 1150 1944 1192 ἀπὸ
1975 1156 2017 1189 10

492 1230 563 1267 τοῦ
598 1226 707 1281 λέγω
743 1225 921 1281 ῥήματος
1041 1224 1110 1264 καὶ
1141 1223 1270 1279 ἅρπαξ
1301 1223 1372 1264 καὶ
1401 1223 1596 1274 πλήκτης,
1630 1222 1676 1263 ἐκ
1707 1222 1854 1264 τούτου
1887 1220 1950 1263 ὅτι

494 1297 654 1352 ἁρπάζω
687 1297 756 1337 καὶ
786 1296 965 1347 πλήσσω.

612 1647 783 1690 XXIII.
845 1651 945 1692 Τινὰ
975 1651 1022 1691 δὲ
1052 1651 1190 1706 γενικά
1221 1650 1340 1701 ἐστιν,
1375 1646 1431 1698 οἷς
1460 1649 1597 1690 πολλὰ
1616 1651 1838 1706 περιέχεται
1857 1647 1948 1689 ἀνό-

496 1737 613 1780 μοια,
658 1725 710 1771 ὡς
750 1723 798 1763 τὸ
839 1723 942 1777 ζῷον
977 1723 1154 1777 δένδρον.
1217 1720 1263 1762 ἐκ
1292 1720 1447 1762 τούτων
1477 1721 1525 1762 δὲ
1555 1724 1745 1777 γεννᾶται
1771 1716 1880 1771 ἴδια,
1923 1718 1952 1760 ἃ

619 2500 639 2534 1
675 2499 713 2534 δὲ
738 2502 813 2532 add.
840 2502 922 2533 Keil
1031 2499 1052 2533 2
1078 2512 1111 2534 εν
1138 2506 1215 2532 ante
1241 2501 1307 2538 τοῖς
1332 2511 1359 2532 ω
1385 2501 1444 2531 del.
1472 2500 1554 2531 Keil
1663 2498 1686 2532 3
1711 2499 1757 2537 ὣς
1781 2496 1818 2532 τὸ
1843 2509 1905 2530 om.
1933 2499 1959 2530 S

501 2559 523 2594 4
550 2563 703 2604 μαλλαχη
730 2563 901 2604 μαλλαχηο
933 2561 978 2592 H
1009 2571 1150 2602 αρτοπος
1175 2570 1368 2601 αρτοκοπιον
1394 2570 1422 2590 ω
1450 2557 1630 2601 ἀρτοκόπος
1662 2559 1745 2590 Keil
1776 2555 1868 2600 ξίφος
1891 2569 1953 2589 om.

501 2622 545 2652 H
553 2622 600 2652 M
620 2617 940 2662 ἀρτοκόπος-ξίφος
963 2620 1079 2651 seclusi
1098 2617 1104 2661 Ι
1125 2630 1255 2661 ταμονα
1281 2620 1319 2652 δε
1343 2620 1443 2650 HM
1562 2617 1584 2651 5
1621 2629 1690 2652 εστι
1714 2618 1742 2649 S
1761 2627 1909 2650 moveo-n
1933 2618 1960 2649 S

503 2679 525 2712 6
551 2691 624 2722 ομοι
648 2680 766 2721 ubique
783 2685 850 2721 pro
876 2676 998 2722 ὁμοίως
1021 2679 1121 2710 ΗΜ
1135 2675 1141 2722 Ι
1163 2675 1266 2720 ὀρέων
1292 2679 1374 2710 Keil
1502 2677 1524 2711 9
1550 2672 1813 2719 ἔστιν-λέγεται
1837 2687 1899 2708 om.
1927 2686 1954 2707 ω

505 2736 525 2771 ἃ
551 2734 580 2772 οἱ
600 2733 762 2780 ιγΕλληνες
788 2738 955 2781 ῥηματικὰ
979 2735 1126 2781 λέγουσιν
1150 2738 1232 2769 Keil
1358 2736 1404 2770 10
1441 2748 1499 2771 εστ
1524 2738 1550 2769 S
1667 2734 1712 2769 13
1748 2735 1957 2780 περιεχῦεται

504 2799 547 2829 H
556 2799 603 2829 J!
622 2800 731 2831 παλλα
758 2809 959 2842 περιεχεεται
984 2808 1128 2840 ανομαια
1154 2798 1180 2829 S
