2164 3471
1581 324 1637 365 65

170 449 203 480 p.
229 447 298 478 41²
325 439 370 472 K.

169 508 379 563 difficilis,
421 522 680 562 quamquam
722 512 782 554 sit
823 511 1103 564 compositum
1145 524 1171 554 a
1213 511 1380 566 facim,
1422 514 1637 556 rationem

167 580 387 634 sequitur,
429 581 506 623 sed
546 585 778 634 utrumque
816 583 1065 637 confundit,
1109 586 1154 625 et
1191 596 1269 636 pro
1302 583 1542 627 difficiliter
1573 585 1636 628 di-

169 651 303 694 cimus
320 651 566 695 difficulter.
613 653 815 697 similiter
832 659 877 697 et
895 656 1040 697 audax
1057 655 1280 709 audacter,
1295 668 1381 697 non
1398 657 1636 700 audaciter.

285 793 452 837 XLIII.
515 795 627 839 Sunt-
669 796 758 839 alia
802 797 1013 840 adverbia
1059 797 1309 852 qualitatis,
1354 811 1465 851 quae
1497 812 1637 852 neque

119 876 140 909 5
165 877 244 918 per
276 877 300 908 e
330 878 470 919 neque
500 880 580 921 per
610 872 681 911 ter
713 868 966 922 efferuntur,
998 870 1075 911 sed
1106 881 1184 921 per
1216 882 1277 923 uS,
1312 876 1364 922 ὡς
1396 873 1637 930 &spem-5232

166 940 218 979 ut
247 937 467 993 funditus,
500 943 717 999 οὐρανόθεν
749 940 954 990 caelitus,
988 943 1247 1000 ἀνθρωπόῧεν
1279 941 1548 996 humanitus,
1584 946 1634 1002 ῥι-

165 1009 286 1063 ζόθεν
316 1009 538 1064 stirpitus,
583 1013 685 1065 ὀδάξ
715 1011 940 1054 mordicus.
1002 1011 1108 1054 item
1140 1017 1242 1054 sunt
1275 1025 1387 1064 quae
1417 1013 1462 1055 in
1493 1014 1551 1055 im
1585 1027 1636 1056 ac

165 1080 245 1122 tim
276 1081 582 1136 terminantur,
614 1086 665 1125 ut
684 1087 915 1139 πληκτικῶς
937 1083 1108 1137 caesim,
1141 1093 1312 1144 συνεχῶς
1335 1085 1634 1139 continuatim,

166 1156 402 1212 ἁρπαγηῧόν
443 1154 627 1207 raptim,
670 1159 883 1215 τροχαλῶς
926 1154 1104 1209 cursim,
1148 1159 1394 1216 ἐσφιγμένως
1435 1156 1634 1211 Strictim,

94 1233 138 1266 10
164 1226 370 1283 ἀγεληδόν
400 1225 642 1280 gregatim,
674 1231 974 1286 κεχωρισμένως
1004 1227 1266 1280 separatim,
1300 1231 1381 1287 ἰδία
1412 1228 1634 1280 privatim,

163 1298 210 1340 ἐκ
260 1299 403 1356 μέρους
447 1297 631 1352 partim,
682 1303 794 1342 κατὰ
839 1303 1087 1358 προχώρησιν
1134 1302 1263 1358 ἠρέμα
1310 1299 1634 1353 pedetemptim,

163 1370 211 1412 ἐκ
239 1375 314 1412 τοῦ
345 1372 442 1428 πρὸς
474 1371 612 1428 ὀλίγον
642 1369 880 1422 paulatim,
922 1374 1033 1413 κατὰ
1064 1374 1212 1414 λεπτόν
1244 1370 1465 1423 minutim,
1504 1374 1635 1430 ἠρέμα

162 1442 304 1499 λάθρᾳ
323 1439 494 1494 Sensim,
525 1444 774 1501 κλεψιμαίως
795 1440 959 1493 furtim,
995 1444 1179 1496 ἐπίτηδες
1201 1441 1392 1495 dedi'tim‚
1415 1446 1634 1501 δρεπτικῶς

163 1511 370 1565 carptim,
411 1517 523 1556 κατὰ
561 1514 683 1573 ἄκρον
715 1512 983 1566 summatim,
1029 1515 1178 1565 εὐθέως
1209 1513 1383 1567 statim,
1426 1522 1633 1573 πανταχοῦ

92 1590 136 1624 15
161 1582 345 1636 passim,
392 1586 605 1643 ἐξαιρέτως
650 1584 935 1637 praesertim,
984 1587 1206 1645 ἀμοιβηδὸν
1252 1585 1455 1627 vicissim.
1527 1585 1632 1627 item

160 1656 264 1697 sunt
294 1666 407 1706 quae
437 1655 484 1697 in
515 1667 539 1698 o
570 1655 876 1709 terminantur,
909 1660 958 1698 ut
991 1660 1174 1711 ἐπίτηδες
1196 1656 1402 1710 consulto,
1437 1659 1632 1718 ἀσφαλῶς

159 1727 270 1780 tuto,
297 1729 437 1787 λάθρα
459 1727 655 1770 clanculo
679 1727 962 1780 clandestinO,
985 1732 1255 1780 διστακτικῶς
1279 1728 1419 1782 dubio,
1442 1733 1634 1781 πλαστῶς

160 1801 317 1858 ψευδῶς
358 1797 492 1853 falso,
535 1804 667 1859 μάτην
708 1811 1003 1853 supervacuo,
1045 1805 1204 1860 ταχέως
1247 1799 1357 1855 cito,
1400 1801 1491 1844 κατ’
1530 1803 1632 1845 ἰδίαν

160 1872 340 1924 secreto,
372 1874 562 1931 Btcrgffiffig
592 1871 816 1924 bipertito,
850 1876 1060 1931 τρισχιδῶς
1088 1871 1324 1925 tripertito,
1356 1877 1633 1932 τετρασχιῧῶς

90 1946 136 1982 20
162 1950 418 2002 τετραμερῶς
461 1942 803 1997 quadripertito,
846 1952 1027 2003 τυχηρῶς
1059 1942 1264 1996 fortuito,
1307 1945 1505 2002 ἀορίστως
1538 1946 1630 1987 ἀπε-

163 2016 316 2072 ράντως
357 2012 550 2068 infinito,
592 2017 742 2066 εὐθέως
784 2014 1006 2069 continuo,
1049 2019 1214 2073 πρώτως
1254 2013 1416 2068 primo,
1465 2019 1630 2074 προσδε-

279 2213 302 2249 4
327 2217 396 2248 alia
421 2228 483 2249 om.
509 2215 628 2259 HJJ}
652 2227 761 2258 neque
787 2217 955 2259 per—sed
981 2229 1042 2248 om.
1069 2219 1169 2248 HJJ
1259 2216 1280 2250 5
1307 2227 1367 2259 per
1392 2223 1441 2248 ter
1466 2219 1550 2249 Keil
1571 2229 1630 2259 per

161 2281 194 2306 te
219 2276 247 2307 S
267 2286 328 2317 per
352 2286 391 2307 us
418 2277 599 2308 efferuntur
624 2278 723 2308 HJJ
832 2276 849 2309 7
884 2277 1038 2318 stirpitus
1065 2278 1147 2309 Keil
1169 2277 1321 2318 stripitus
1348 2288 1376 2308 ω
1407 2275 1411 2319 Ι
1444 2273 1525 2316 ἐδάξ
1550 2279 1634 2309 Keil

160 2332 242 2377 δραξ
268 2346 296 2367 ω
331 2334 336 2378 Ι
366 2336 538 2368 mordicus
563 2337 647 2368 Keil
676 2337 842 2368 morditus
869 2348 896 2368 ω
928 2335 932 2379 Ι
965 2337 1046 2368 item
1073 2349 1134 2368 om.
1160 2337 1260 2368 HM
1282 2334 1286 2379 Ι
1318 2342 1350 2368 et
1376 2337 1436 2368 tim
1463 2337 1511 2367 fin
1536 2339 1636 2368 HM

159 2394 194 2426 in
226 2395 290 2426 sim
322 2406 363 2427 ac
394 2396 458 2427 tim
491 2396 714 2427 terminantur
738 2398 874 2438 Hagen,
912 2407 952 2428 ac
979 2396 1038 2427 tim
1063 2398 1134 2428 secl.
1161 2397 1244 2428 Keil
1337 2394 1359 2429 8
1401 2396 1525 2427 caesim
1551 2397 1633 2428 Keil

159 2455 282 2486 cessim
308 2466 336 2487 ω
403 2453 425 2487 9
451 2455 573 2497 partim
599 2456 626 2486 S
647 2456 773 2497 raptim
798 2456 844 2486 H
850 2456 899 2486 M
953 2455 997 2488 11
1026 2457 1113 2489 κατὰ
1138 2455 1347 2500 προχώρησιν
1373 2451 1483 2497 ἠρέμα
1508 2457 1628 2498 Hagen

158 2525 248 2548 κατα
284 2516 514 2557 προλλευρεσιν
550 2517 671 2556 ηιαλλα
696 2516 741 2546 H
772 2527 861 2549 κατα.
898 2526 1132 2558 προςμεγρεσιν
1168 2527 1266 2558 ηαμα
1304 2515 1417 2558 (αμμα
1450 2516 1512 2557 M)
1550 2517 1632 2547 IIIS

158 2572 205 2606 12
230 2570 340 2617 ἠρέμα
365 2573 477 2616 λάθρα
494 2575 577 2605 Keil
598 2576 794 2618 ηεμαλατρα
812 2587 840 2607 ω
937 2574 983 2608 13
1009 2576 1186 2617 κλεψιμεος
1203 2586 1230 2606 ω
1250 2587 1337 2606 corr.
1356 2576 1438 2606 Keil
1456 2573 1461 2617 Ι
1484 2575 1627 2606 deditim

157 2634 242 2665 Keil
271 2634 412 2666 deiutim
437 2635 538 2665 HM
556 2634 698 2665 deuitim
724 2635 750 2665 S
780 2632 784 2676 Ι
820 2635 964 2676 carptim
990 2636 1072 2666 Keil
1093 2635 1258 2677 carpatim
1285 2645 1313 2665 ω
1459 2633 1505 2667 15
1546 2635 1626 2666 item

158 2704 221 2725 om.
246 2694 348 2725 HM
414 2692 460 2726 16
486 2698 523 2724 ut
548 2705 610 2725 om.
636 2695 737 2725 HM
793 2693 838 2726 17
867 2695 973 2725 dubio
999 2695 1082 2726 Keil
1105 2694 1224 2725 dubito
1251 2705 1279 2726 ω
1345 2691 1391 2727 18
1417 2704 1625 2736 superuacuo

158 2753 259 2784 HM
276 2753 472 2795 superuituo
499 2754 526 2784 S
642 2752 688 2786 19
714 2754 873 2797 δισχιδῶς
897 2755 980 2786 Keil
1003 2755 1138 2798 διχιδως
1164 2764 1190 2784 ω
1215 2751 1219 2795 Ι
1242 2755 1467 2797 τετρασμδως
1492 2754 1627 2795 quadri-

158 2812 284 2854 pertito
317 2823 529 2855 τετραμερως
554 2812 803 2854 quadripertito
831 2824 858 2844 ω
894 2814 1102 2855 (praepositis
1127 2815 1242 2845 latinis
1267 2814 1305 2853 S)

228 2880 435 2914 Tolkiehn‚
454 2881 626 2909 Dosithens.
1387 2878 1407 2915 5
