2164 3471
196 445 229 476 p·
258 434 336 475 376-
366 440 431 474 377
460 433 504 465 K-

315 504 349 547 I.
411 505 498 545 Ars
539 503 829 556 grammatica
872 507 939 545 est
981 502 1169 545 scientia
1201 501 1423 545 emendati
1456 500 1664 544 sermonis

195 577 241 619 in
283 575 497 628 loquendo
541 578 586 617 et
623 575 848 617 scribendo
882 578 1215 628 poematumque
1247 585 1299 615 ac
1329 572 1531 615 lectionis
1562 584 1663 625 pru-

196 649 301 691 dens
352 650 648 700 praeceptum.
722 646 1033 701 grammaticus
1089 648 1156 688 est
1208 645 1283 697 qui
1328 644 1665 696 uniuscuiusque

195 719 262 763 rei
302 719 391 763 vim
429 731 481 761 ac
512 718 827 772 proprietatem
859 721 1005 771 potest
1037 717 1274 770 explanare
1305 715 1491 768 loquela.
1554 715 1665 757 artis
1691 724 1713 758 2

149 803 169 837 5
197 790 512 845 grammaticae
556 790 745 833 officium
777 793 950 833 constat
988 789 1190 842 partibus
1223 793 1446 841 quattuor,
1478 787 1666 829 lectione

197 862 499 906 emendatione
541 863 820 905 enarratione
860 861 1031 904 iudicio.
1092 860 1222 903 lectio
1267 863 1334 902 est
1365 859 1494 902 varia
1526 859 1664 901 cuius-
1691 869 1712 903 3

196 946 280 987 que
332 934 487 987 scripti
533 934 834 987 pronuntiatio
882 933 1078 976 serviens
1126 931 1336 985 dignitati
1383 943 1665 984 personarum

196 1006 529 1059 exprimensque
578 1006 778 1048 habitum
829 1005 961 1047 animi
1009 1004 1226 1057 cuiusque.
1305 1003 1549 1045 emendatio
1599 1006 1666 1044 est

195 1077 456 1120 recorrectio
500 1089 715 1131 errorum,
757 1077 832 1130 qui
873 1090 951 1130 per
982 1076 1194 1129 scriptum
1226 1075 1514 1118 dictionemve
1544 1074 1665 1116 fiunt.

126 1160 170 1196 10
197 1149 420 1192 enarratio
444 1152 511 1191 est
532 1149 811 1192 obscurorum
832 1161 1034 1191 sensuum
1051 1148 1440 1200 quaestionumque
1456 1145 1665 1188 narratio.

195 1221 402 1264 iudicium
434 1225 502 1263 est
534 1233 616 1273 quo
648 1224 853 1273 poemata
881 1225 1113 1272 ceteraque
1137 1219 1150 1273 ΙΙ
1174 1219 1340 1272 scripta
1360 1218 1666 1271 perpendimus

197 1296 243 1335 et
290 1293 585 1336 discernimus.
658 1292 770 1334 artis
811 1292 1126 1345 grammaticae
1169 1290 1298 1333 initia
1340 1291 1396 1332 ab
1440 1289 1665 1332 elementis
1690 1302 1714 1335 4

196 1367 394 1419 surgunt,
427 1365 642 1407 elementa
673 1364 921 1418 figurantur
951 1364 997 1406 in
1029 1363 1216 1416 litteras,
1248 1362 1427 1405 litterae
1450 1365 1666 1415 coguntur

196 1437 243 1478 in
274 1436 493 1490 syllabas,
534 1436 718 1490 syllabis
751 1435 1132 1489 comprehenditur
1164 1434 1318 1487 dictio,
1352 1434 1563 1477 dictiones
1596 1445 1664 1475 co-

128 1520 172 1554 15
197 1512 363 1562 guntur
402 1508 449 1550 in
490 1512 640 1561 partes
682 1507 913 1561 orationis,
956 1507 1096 1550 oratio
1138 1506 1185 1548 in
1226 1506 1417 1549 virtutes
1459 1518 1511 1548 ac
1553 1505 1666 1547 vitia

197 1579 432 1623 descendit.

654 1807 748 1855 DE
783 1804 1205 1854 ACCENTIBVS

316 1914 376 1957 Π.
437 1915 659 1957 Accentus
702 1917 768 1956 est
810 1913 938 1955 unius
981 1913 1188 1965 cuiusque
1229 1911 1428 1966 syllabae
1465 1912 1666 1965 proprius

197 1998 349 2040 sonus,
397 1997 524 2038 quem
565 1985 725 2029 Graeci
771 1989 998 2044 προσῳδίαν
1046 1985 1207 2027 dicunt.
1287 1988 1492 2026 accentus
1540 1983 1665 2036 quasi

196 2061 418 2100 accantus.
469 2061 676 2100 accentus
707 2057 754 2099 in
781 2068 942 2111 graeca
964 2056 1114 2111 lingua
1136 2059 1238 2098 sunt
1254 2056 1355 2110 VH,
1386 2055 1432 2098 in
1452 2055 1592 2098 latina
1615 2056 1665 2109 V,

317 2215 341 2247 Ι.
391 2214 505 2245 Diem.
532 2212 612 2253 426,
642 2220 817 2253 [ε’-427,
846 2223 868 2244 2
956 2213 1115 2245 11.—1111.
1166 2212 1280 2244 Diem.
1307 2222 1388 2251 430,
1417 2221 1593 2254 29—435,
1620 2222 1665 2243 21

196 2275 324 2306 Donat.
345 2281 432 2314 371,
461 2282 611 2313 1—372,
641 2283 687 2312 13
757 2273 906 2314 Explan.
934 2273 970 2303 in
994 2273 1084 2303 Don.
1106 2280 1192 2311 524,
1221 2282 1396 2314 19—525‚
1426 2280 1471 2312 17
1547 2272 1665 2303 Victor.

199 2344 278 2377 192,
307 2343 481 2375 14—194,
509 2334 534 2365 8
579 2334 706 2365 Audax
725 2343 810 2375 329,
840 2342 1014 2372 12—331,
1044 2342 1087 2363 Η

317 2452 338 2486 2
365 2454 472 2485 Locus
497 2458 685 2494 corruptus,
713 2453 757 2494 cs.
791 2453 840 2484 W.
858 2453 896 2494 f.
922 2453 965 2483 kl.
992 2453 1053 2483 Pk.
1082 2462 1185 2494 1912,
1212 2460 1284 2491 477
1341 2450 1363 2484 6
1389 2451 1602 2482 enarratione
1627 2451 1672 2481 H

195 2514 390 2546 narratione
423 2513 664 2544 emendatione
694 2513 810 2544 Diom.
836 2513 880 2554 cf.
917 2512 964 2543 W.
990 2512 1034 2543 kl.
1061 2512 1122 2543 Ph.
1149 2512 1184 2543 ll.
1251 2509 1273 2544 8
1311 2511 1472 2552 cuiusque
1498 2511 1601 2541 animi
1628 2511 1672 2541 H

195 2574 301 2606 animi
326 2573 482 2605 habitum
508 2572 669 2613 cuiusque
695 2572 809 2603 Diem.
884 2570 906 2604 9
938 2582 998 2613 per
1023 2572 1222 2613 scripturam
1247 2571 1362 2602 Diam.
1437 2568 1481 2602 11
1513 2570 1577 2601 DE
1603 2571 1664 2601 IV-

195 2634 321 2666 DICIO
356 2633 520 2665 Iudicium
555 2629 604 2674 S}
627 2637 763 2673 pemata
787 2632 831 2663 H
883 2629 929 2664 12
964 2637 995 2663 et
1027 2631 1248 2662 discernimus
1281 2642 1344 2662 om.
1372 2630 1398 2662 S
1423 2631 1529 2671 spatio
1560 2641 1665 2661 vacuo

194 2694 307 2726 relicto
365 2690 411 2725 14
442 2693 478 2724 in
512 2691 661 2734 syllabas
695 2702 757 2723 om.
784 2691 810 2723 S
840 2691 985 2722 sillabae
1021 2691 1352 2733 comprehenduntur
1385 2690 1595 2721 dictionibus
1626 2690 1671 2720 H

195 2753 340 2796 syllabis
367 2751 667 2794 comprehenditur
692 2751 798 2783 dictio
826 2751 852 2782 S
873 2751 987 2782 Diom.
1015 2751 1118 2792 (Exc.
1137 2751 1205 2782 cod.
1222 2751 1337 2782 Paris.
1359 2748 1466 2789 7530)
1517 2747 1562 2782 15
1590 2759 1662 2780 ora-

151 2839 157 2845 .
195 2812 298 2844 tionis
323 2823 386 2844 om.
412 2812 457 2843 H
500 2808 547 2845 18
572 2816 751 2843 accentum
777 2810 894 2842 dicunt
920 2816 1047 2842 uocant
1072 2811 1116 2842 H
1159 2807 1205 2842 19
1232 2810 1397 2841 adcantus
1422 2809 1467 2840 H

1333 2867 1374 2900 1*
