2148 3407
481 311 536 351 92

483 440 514 470 p.
541 435 620 468 427.
648 428 716 466 428
743 429 787 460 K.

484 497 630 539 merui.
692 497 881 551 gratiam
923 498 1072 539 delicti
1114 496 1308 539 facimus.
1370 496 1528 538 asseris
1571 508 1638 538 me
1679 507 1809 537 manu
1849 498 1939 537 tua.

482 568 674 621 digneris
705 581 772 610 me
799 568 961 611 litteris
983 568 1082 611 tuis.
1130 568 1338 619 antiquae
1359 567 1595 610 vetustatis
1617 567 1770 609 instar.
1801 577 1940 609 vanas

483 640 682 691 querelas
725 640 952 692 crepitare.
1014 639 1188 693 fragilis
1230 638 1471 680 memoriae.
1532 638 1736 681 volubilis
1772 637 1940 680 mentis.

415 716 456 749 13
484 710 619 753 tritae
650 710 817 753 frontis.
881 712 1042 753 candor
1074 710 1206 752 animi
1227 709 1304 751 tui.
1356 720 1498 751 merus
1520 721 1669 763 sermo,
1692 721 1811 751 mera
1832 720 1942 761 spes,

483 781 625 824 sutilis
658 782 763 835 agit.
825 794 918 824 sum
949 785 1105 834 parato
1139 781 1292 822 animo.
1355 783 1559 833 argutum
1587 792 1703 833 opus.
1765 778 1942 832 pensilis
1993 790 2013 823 5

483 853 680 907 lucerna,
711 865 962 906 suspensum
996 852 1195 894 animum.
1258 851 1401 894 sutilis
1424 853 1439 904 ΙΙ
1460 854 1600 904 porta.
1661 850 1944 903 voluptuosus

482 924 612 966 rebus
644 924 796 966 favore
828 923 1018 967 virtutis.
1080 923 1273 966 columen
1305 922 1462 965 curiae.
1524 922 1739 975 specimen
1760 921 1944 964 scholae.

483 999 652 1037 tumore
684 995 792 1048 agit.
854 995 1126 1037 elaboratum
1159 1006 1275 1046 opus
1327 994 1440 1036 ludit
1461 993 1772 1036 abstinentiam
1793 1003 1944 1034 meam.

418 1071 461 1104 14
485 1066 808 1108 inaccessibiles
854 1066 1043 1108 litterae.
1119 1065 1365 1107 inaccessus
1415 1065 1546 1107 locus.
1627 1062 1946 1107 inextricabilis

486 1149 617 1179 error.
679 1137 971 1179 inremeabilis
1003 1137 1088 1179 via.
1150 1136 1313 1178 sterilis
1339 1136 1545 1179 amicitia.
1596 1135 1758 1179 larvali
1777 1134 1944 1177 habitu.
1972 1144 2016 1179 10

415 1241 417 1247 ,
484 1207 747 1262 imaginaria
778 1208 928 1250 forma.
989 1208 1111 1250 finali
1142 1208 1308 1250 habitu.
1369 1207 1580 1250 inlibatus
1611 1218 1824 1249 numerus.

605 1350 836 1393 LXVHH.
897 1351 1126 1393 Poematos
1158 1362 1321 1403 genera
1353 1354 1454 1392 sunt
1486 1349 1585 1392 tria.
1649 1354 1728 1391 aut
1754 1348 1947 1391 activum

487 1425 555 1465 est
586 1421 657 1465 Vel
688 1422 966 1476 imitativum,
999 1422 1111 1474 quod
1133 1421 1292 1464 Graeci
1319 1421 1588 1464 dramaticon
1610 1420 1682 1464 vel
1702 1419 1948 1462 mimeticon

488 1493 724 1547 appellant,
754 1493 800 1535 in
832 1505 914 1545 quo
945 1505 1155 1546 personae
1186 1492 1411 1545 loquentes
1442 1492 1788 1546 introducuntur,
1818 1493 1870 1533 ut
1901 1502 1948 1533 se

487 1565 652 1607 habent
683 1564 938 1618 tragoediae
969 1567 1014 1606 et
1046 1563 1233 1606 comicae
1264 1563 1441 1606 fabulae
1473 1567 1519 1606 et
1539 1563 1681 1617 prima
1701 1561 1946 1614 bucolicon3
1977 1574 2020 1609 15

440 1638 460 1672 2
488 1638 566 1678 aut
598 1635 909 1690 enarrativum,
941 1636 1054 1688 quod
1085 1634 1245 1678 Graeci
1277 1634 1606 1688 exegematicon
1636 1634 1709 1678 vel
1741 1632 1947 1688 apaggel-

607 1744 773 1775 LXVIIII.
822 1744 934 1774 Diem.
961 1744 1042 1783 482,
1072 1751 1212 1783 14—25
1236 1743 1280 1784 cf.
1310 1743 1434 1774 Comz'n.
1462 1742 1531 1773 126

607 1838 627 1871 1
655 1839 947 1879 gratiam—manu
974 1844 1029 1869 tua
1054 1850 1115 1870 om.
1141 1839 1189 1869 M
1208 1848 1344 1878 gramen
1371 1837 1484 1869 delicti
1510 1837 1651 1868 facimus
1677 1837 1703 1868 S
1723 1837 1830 1868 facias
1851 1836 1949 1868 Clzar.

490 1909 593 1930 manu
632 1904 690 1930 tua
728 1899 811 1930 Keil
844 1908 1019 1928 numerum
1045 1902 1138 1929 tuum
1165 1898 1191 1928 S
1316 1895 1338 1929 2
1381 1896 1797 1938 antiquae—memoriae
1822 1907 1883 1927 om.
1909 1897 1958 1927 M

490 1956 512 1989 3
538 1958 702 1999 crepitare
728 1957 855 1998 fragilis
881 1958 963 1989 A‘ez'l
984 1957 1149 1989 credulari
1175 1957 1303 1998 fragius
1321 1954 1370 1998 Sl
1392 1956 1556 1987 memoria
1578 1957 1676 1988 Char.
1775 1953 1798 1988 4
1823 1955 1952 1987 candor

490 2017 594 2048 animi
619 2018 666 2049 tui
689 2017 787 2049 Char.
806 2029 867 2048 om.
886 2019 933 2048 M
946 2017 1092 2048 candore
1111 2017 1216 2048 nimio
1234 2017 1283 2048 tui
1302 2017 1328 2048 S
1409 2014 1430 2049 5
1457 2027 1501 2047 an
1519 2015 1676 2047 subtilius
1695 2015 1784 2056 agit?
1823 2015 1864 2046 cf.
1886 2014 1951 2047 Cic.

489 2077 578 2118 epist.
594 2077 652 2108 IX
661 2087 715 2114 21,
734 2087 754 2107 1
771 2074 774 2111 i
792 2087 863 2107 sum
879 2081 995 2118 parato
1010 2077 1124 2107 animo
1138 2087 1200 2107 om.
1216 2077 1264 2108 M
1271 2076 1321 2107 sui
1336 2080 1453 2117 parato
1469 2075 1584 2106 animo
1599 2075 1626 2106 S
1639 2079 1823 2116 supputato
1837 2074 1950 2106 animo

494 2136 594 2167 Char.
618 2135 622 2178 Ι
645 2136 778 2177 prosilit
803 2136 939 2167 lucerna
968 2137 1068 2168 Char.
1167 2134 1189 2168 6
1219 2145 1401 2176 suspensus
1427 2134 1560 2165 animus
1590 2134 1689 2166 Char.
1790 2132 1807 2165 7
1835 2134 1951 2165 favore

494 2196 594 2227 Char.
621 2195 747 2227 sabone
772 2194 876 2238 AJSff
900 2196 1055 2227 columen
1083 2196 1193 2227 curiae
1218 2206 1279 2226 om.
1306 2196 1354 2225 M
1373 2194 1484 2225 curiae
1514 2194 1613 2225 Char.
1649 2193 1743 2224 curia
1767 2190 1817 2236 S}
1838 2192 1952 2238 scolae

490 2255 572 2286 MS
593 2255 729 2286 scholae
758 2255 857 2287 Char.
968 2253 990 2288 8
1021 2255 1108 2286 ludit
1137 2255 1236 2286 Clzar.
1264 2254 1353 2285 rudit
1378 2254 1459 2285 MS
1480 2253 1569 2284 ridet
1593 2253 1676 2284 Keil
1694 2250 1698 2295 1
1722 2252 1951 2283 abstitentiam

489 2315 537 2345 M
556 2314 742 2346 absentiam
764 2315 863 2346 Char.
962 2312 983 2346 9
1010 2314 1258 2346 inaccessibiles
1285 2313 1414 2344 litterae
1440 2324 1502 2344 om.
1521 2313 1568 2344 M
1586 2311 1814 2344 inaccessibili
1837 2311 1952 2343 littera

493 2374 592 2407 Char.
620 2374 874 2406 inaccessibilia
900 2374 1016 2405 littora
1043 2374 1137 2405 Goetz
1158 2371 1162 2416 Ι
1185 2373 1338 2404 amiticia
1362 2370 1431 2415 M}
1453 2372 1589 2403 barbali
1615 2372 1642 2403 S
1771 2369 1816 2404 11
1853 2370 1950 2402 finali

490 2435 612 2466 habitu
650 2445 711 2465 om.
737 2434 786 2465 M
812 2431 816 2476 Ι
851 2438 927 2475 post
962 2443 1121 2464 numerus
1158 2432 1298 2474 antique
1337 2432 1511 2463 uetustatis
1547 2432 1653 2463 instar
1689 2431 1738 2462 Μ
1768 2431 1812 2472 cf.
1850 2427 1875 2473 ᾗ
1906 2439 1952 2461 12

490 2492 535 2526 12
569 2498 625 2525 aut
660 2494 810 2524 aetiuurn
837 2497 887 2524 est
913 2493 1004 2534 quod
1030 2492 1119 2533 greci
1145 2491 1379 2534 pragmaticon
1407 2496 1466 2522 aut
1490 2491 1695 2522 imitatiuum
1721 2489 1814 2532 qnod
1838 2489 1949 2521 micti-

491 2564 566 2586 con.
595 2553 767 2594 appellant
791 2550 859 2595 Ml
882 2557 938 2584 aut
964 2552 1139 2583 imatiuum
1165 2552 1192 2583 S
1284 2549 1330 2583 13
1356 2550 1410 2582 vel
1429 2550 1634 2581 imitativum
1651 2551 1764 2582 Diam.
1783 2550 1950 2581 dramma-

492 2613 584 2644 ticon
610 2612 663 2643 uel
691 2613 851 2644 micticon
878 2613 904 2643 S
926 2611 1136 2643 dramaticon
1162 2611 1215 2642 vel
1242 2610 1441 2641 mimeticon
1467 2610 1580 2641 Diam.
1710 2606 1757 2642 14
1796 2607 1949 2640 introdu-

492 2677 610 2702 cuntur
643 2676 679 2702 ut
704 2672 739 2702 in
766 2672 932 2703 bucolicis
959 2677 990 2702 et
1016 2670 1199 2712 tragoediis
1225 2671 1273 2701 M
1299 2670 1334 2700 in
1360 2669 1617 2700 introducuntur
1641 2669 1688 2700 uti
1714 2668 1843 2700 habent
1867 2668 1894 2698 S
1914 2672 1949 2698 ut

491 2741 526 2761 se
551 2731 676 2762 habent
704 2732 817 2762 Diam.
945 2729 990 2764 15
1016 2730 1150 2761 fabulae
1175 2735 1233 2761 uto
1259 2729 1301 2760 de
1326 2729 1435 2770 prima
1460 2729 1487 2759 S
1506 2739 1594 2760 corr.
1619 2728 1702 2759 Keil
1721 2727 1857 2758 fabulae
1882 2736 1949 2768 quo

495 2800 615 2830 genere
642 2790 767 2831 scripta
794 2795 842 2822 est
868 2791 979 2832 prima
1004 2790 1186 2821 bucolicon
1212 2789 1325 2819 Diem.
1423 2786 1469 2820 16
1495 2794 1550 2819 aut
1575 2788 1623 2818 M
1641 2787 1695 2818 uel
1722 2787 1748 2818 S
