2164 3471
129 1158 173 1192 10

131 1517 174 1551 15

1604 314 1660 354 39

198 443 232 474 p·
260 432 339 472 396-
367 439 432 472 397
462 431 505 463 K-

198 502 426 556 specialia,
469 514 582 554 quae
624 502 879 545 dividuntur
921 507 966 546 et
1007 503 1260 545 minuuntur
1302 503 1542 558 originibus
1574 504 1662 546 suis

198 573 488 628 generalibUS,
520 576 570 615 ut
600 574 726 616 homo
758 586 894 627 equus
926 578 1081 617 taurus
1111 575 1262 617 laurus
1293 575 1420 628 pinus
1452 575 1663 618 fraxinus.

199 646 411 698 quaedam
441 644 564 687 facta
596 658 623 687 a
654 646 771 688 sonis
803 646 876 689 vel
908 659 934 688 a
965 646 1165 699 vocibus,
1209 651 1259 688 ut
1291 647 1452 689 stridor
1484 646 1663 700 clangor
1714 658 1734 691 3

198 716 386 760 tinnitus
417 716 614 759 hinnitus
646 718 840 760 ululatus
871 717 1072 760 fremitus
1102 718 1306 772 mugitus.
1348 719 1561 770 quaedam
1591 719 1662 760 de·
1713 730 1736 762 4

199 790 413 832 scendunt
443 789 499 831 ab
533 789 778 843 adverbiis,
810 793 861 832 ut
891 790 1122 832 hesternus
1146 790 1159 843 ΙΙ
1181 790 1415 832 hodiernus
1447 790 1666 832 crastinus

199 873 322 904 serus
361 860 520 903 nimius
563 861 687 904 citus.
749 861 839 904 alia
881 874 908 903 a
938 861 1186 914 participiis
1216 861 1429 915 figurata,
1472 865 1522 903 ut
1553 861 1664 903 ludi·
1717 873 1737 905 5

197 933 368 976 bundus
418 932 722 976 laudabundus
773 933 1127 975 lacrimabundus
1181 933 1511 975 anhelabundus
1557 933 1666 975 furi-

198 1006 370 1058 bundus
409 1005 712 1058 moribundus,
744 1004 913 1047 hiulcus
946 1005 1020 1058 qui
1050 1006 1170 1059 hiat,
1202 1005 1401 1058 petulcus
1433 1005 1508 1057 qui
1538 1004 1666 1057 petit.

198 1080 301 1120 sunt
331 1076 464 1119 etiam
498 1089 610 1129 quae
642 1076 801 1119 Graeci
832 1080 1053 1127 <ἐπίθετκ>
1085 1077 1252 1130 dicunt,
1285 1089 1397 1129 quae
1429 1077 1665 1118 cuiuscum—
1719 1087 1738 1120 6

200 1160 283 1202 que
323 1148 520 1202 personis
558 1148 808 1190 adiciuntur
846 1149 1056 1191 laudandi
1086 1148 1234 1202 gratia
1265 1149 1336 1191 vel
1369 1147 1666 1200 vituperandi:

199 1220 420 1274 laudandi,
452 1220 593 1263 veluti

338 1290 520 1333 Lausus
552 1305 710 1345 equum
743 1291 926 1334 domitor
957 1291 1274 1345 debellatorque
1305 1292 1517 1345 ferarum,

199 1363 493 1418 vituperandj,
525 1363 667 1407 veluti
696 1366 748 1406 ‘et
778 1363 869 1417 ipse
891 1363 979 1405 doli
1000 1363 1244 1418 fabricator
1264 1362 1426 1416 Epios?
1463 1363 1539 1405 sed
1558 1363 1668 1404 haec
1719 1373 1737 1406 7

201 1436 346 1479 omnia
383 1448 644 1488 quamquam
675 1436 841 1488 species
872 1440 974 1479 sunt
1005 1436 1246 1489 nominum,
1289 1434 1490 1477 absolute
1521 1436 1669 1476 tamen

199 1508 377 1551 nomina
417 1507 623 1550 dicuntur
665 1511 711 1550 et
752 1507 993 1560 quibusque
1036 1507 1166 1550 rebus
1203 1506 1455 1560 personisve
1486 1517 1668 1558 praepo—

199 1579 286 1622 sita
318 1582 432 1623 sunt.

317 1724 515 1766 XXIIII.
589 1723 812 1778 Quaedam
853 1723 1030 1766 nomina
1072 1726 1175 1765 sunt
1217 1734 1328 1774 quae
1368 1733 1447 1775 per
1488 1733 1534 1763 se
1575 1720 1669 1763 sine

199 1795 383 1839 alterius
413 1795 556 1849 partis
589 1795 798 1838 orationis
832 1794 1105 1837 amminiculo
1138 1793 1339 1847 intellegi
1366 1805 1451 1835 non
1473 1795 1668 1847 possunt,

197 1870 250 1911 ut
278 1870 408 1921 pater
447 1867 611 1920 fratem
653 1867 872 1920 recipiunt
905 1866 1018 1909 enim
1050 1866 1134 1908 sibi
1167 1872 1211 1908 et
1242 1865 1321 1907 illa
1351 1877 1429 1918 per
1462 1876 1573 1917 quae
1604 1864 1668 1906 in·
1721 1875 1742 1909 2

316 2047 362 2081 12
396 2048 486 2091 Verg.
512 2050 593 2080 Am.
620 2048 690 2079 Vll
710 2047 778 2087 651
877 2046 921 2079 13
957 2048 1045 2088 Vcrg.
1073 2048 1153 2077 Aen.
1182 2046 1226 2077 J]
1244 2046 1315 2085 264

314 2215 335 2249 1
363 2227 449 2258 quae
474 2220 586 2247 tamen
613 2216 728 2247 insunt
754 2214 942 2255 originibus
973 2214 1072 2245 Char.
1098 2214 1183 2245 ΕΜ.
1307 2212 1328 2244 3
1355 2213 1523 2254 quaedam
1549 2218 1663 2243 autem

193 2277 295 2308 HM
320 2282 432 2307 autem
466 2287 528 2307 om.
563 2276 590 2307 S
622 2276 724 2307 Clzar.
750 2275 836 2306 Exc.
868 2272 872 2317 Ι
907 2274 986 2305 ficta
1016 2274 1115 2305 Char.
1142 2274 1227 2304 Exc.
1252 2271 1256 2314 Ι
1279 2278 1336 2304 aut
1362 2283 1381 2302 a
1407 2273 1549 2304 uocibus
1574 2273 1675 2303 HM

195 2336 249 2368 uel
275 2337 302 2367 S
326 2336 426 2368 Char.
452 2336 538 2367 Exc.
661 2333 683 2367 4
722 2334 864 2365 tinnitus
893 2334 978 2364 aeris
1004 2334 1155 2364 hinnitus
1183 2333 1261 2373 equi
1287 2331 1407 2375 Hjlj
1432 2332 1578 2372 mugitus
1603 2332 1666 2362 fre-

196 2396 298 2427 mitus
323 2396 369 2427 H
386 2396 546 2427 mussitus
573 2396 658 2427 Exc.
799 2392 822 2427 8
860 2394 975 2425 hiolus
1002 2404 1029 2424 ω
1056 2404 1143 2424 corr.
1171 2393 1254 2424 Keil
1273 2390 1276 2434 Ι
1300 2397 1394 2433 petat
1420 2403 1448 2422 ω
1475 2402 1562 2422 corr.
1588 2391 1671 2422 Keil

196 2455 218 2489 9
253 2449 393 2489 ἐπίθετα
426 2456 502 2487 add.
529 2456 612 2487 Keil
642 2455 801 2495 adposita
827 2453 943 2484 dicunt
967 2454 1011 2484 H
1020 2453 1069 2483 M
1088 2452 1238 2493 epitheta
1263 2452 1376 2483 Diam.
1398 2461 1484 2490 323,
1513 2450 1536 2482 ό
1559 2445 1668 2484 ἐπιθε-

194 2515 272 2549 τικά
309 2515 410 2547 Char.
443 2515 530 2547 Exc.
570 2513 574 2556 Ι
614 2515 776 2555 cuiusque
811 2514 897 2545 Exc.
931 2510 1204 2555 (quibuscunque
1238 2512 1285 2542 ed.
1317 2510 1463 2552 bindob.)
1499 2521 1526 2542 ω
1552 2511 1667 2541 Diam.

195 2575 386 2617 quibusque
415 2575 516 2607 Char.
542 2575 684 2616 Neapol.
799 2572 844 2606 11
879 2572 1042 2604 laudandi
1068 2583 1130 2603 om.
1159 2572 1186 2602 S
1207 2570 1565 2602 laudandi—ferarum
1590 2570 1667 2601 add.

195 2636 297 2667 HM
316 2637 352 2666 in
377 2645 441 2677 mg.
564 2632 609 2666 11
641 2633 747 2664 veluti
773 2644 835 2664 om.
861 2633 962 2664 HM
1078 2629 1122 2663 13
1150 2631 1252 2662 veluti
1279 2642 1340 2662 om.
1368 2631 1415 2670 S!
1440 2629 1671 2671 ipse—Epios

194 2696 270 2727 add.
297 2695 398 2726 HM
416 2695 452 2725 in
478 2705 543 2736 mg.
571 2698 602 2724 et
629 2705 691 2724 om.
717 2694 818 2724 HM
839 2692 951 2734 Epeos
976 2692 1062 2723 Exc.
1177 2689 1223 2723 1-1
1249 2691 1317 2722 sint
1343 2691 1442 2721 Hill
1545 2688 1590 2721 15
1618 2689 1669 2719 di-

195 2760 275 2786 cunt
307 2765 335 2787 ω
368 2765 455 2785 corr.
490 2754 573 2785 Keil
603 2752 608 2795 Ι
642 2753 882 2794 cuiuscumque
908 2753 1008 2784 HM
1036 2751 1198 2792 cuiusque
1225 2752 1250 2782 S
1278 2750 1424 2791 singulis
1455 2750 1555 2781 Char.
1583 2750 1671 2781 Exc.

196 2815 390 2856 quibusque
417 2814 498 2845 Keil
525 2811 528 2825 ’
561 2812 745 2855 praepositi
772 2818 848 2844 sunt
875 2813 901 2844 S
923 2812 1034 2853 posita
1063 2816 1140 2842 sunt
1165 2812 1252 2842 Exc.
1279 2810 1437 2852 apposita
1464 2814 1541 2840 sunt
1569 2809 1673 2841 Char.
