2164 3471
1608 325 1665 366 81<

195 450 227 481 p.
255 448 338 479 421.
365 449 432 478 422
461 441 506 473 K.

191 522 411 564 peramus,
442 511 641 563 superius
673 513 915 555 suademus.
967 513 1127 566 recipit
1160 525 1329 566 quoque
1360 514 1406 556 id
1427 514 1568 567 ipsum
1591 527 1661 557 ac·
1713 526 1734 560 6

192 585 322 624 centu
364 586 492 625 acuto
534 582 696 625 elatum
729 584 1030 639 subiunctiva,
1076 586 1276 637 quotiens
1308 589 1517 645 εἰρωνικῶς
1547 587 1660 629 acci-

191 653 332 706 pimus
371 666 450 707 pro
492 666 542 697 eo
587 656 701 707 quod
745 659 813 698 est
855 657 970 709 apud
1013 657 1205 699 Graecos
1249 662 1348 702 πάνυ
1381 677 1447 717 γε,
1493 658 1662 701 scilicet

191 725 392 777 quotiens
423 725 489 768 rei
521 726 678 769 dubiae
710 730 755 769 et
788 727 913 779 quasi
935 728 1223 770 condicionali
1244 732 1440 783 aptatur,
1473 733 1522 772 ut
1545 732 1660 783 apud

143 808 164 843 5
191 796 441 839 Ciceronem
466 798 537 838 “ne
570 800 629 847 tu,
661 798 816 849 Eruci,
848 802 1074 841 accusator
1106 813 1212 841 esses
1235 799 1467 843 ridicula&
1499 805 1544 843 et
1565 801 1659 844 Sal-

189 867 348 911 lustius
382 870 454 910 ‘ne
494 868 566 910 illi
609 869 825 923 corruptis
866 870 1059 912 moribus
1100 870 1308 914 victoriae
1346 875 1659 926 temperarent’.

190 940 392 992 quotiens
429 952 534 983 vero
572 941 638 983 rei
669 945 852 994 aptatur
884 946 1052 995 certae,
1096 944 1245 986 eodem
1276 948 1462 986 accentu
1495 945 1657 988 elatum
1709 956 1728 990 7

188 1010 362 1055 finitiva
401 1011 583 1066 recipit,
627 1015 677 1054 ut
721 1014 836 1066 apud
878 1013 1127 1057 Ciceronem
1169 1017 1236 1056 ‘ne
1275 1014 1347 1056 ill-i
1389 1015 1658 1059 vehementer

190 1083 368 1134 errant’,
400 1082 594 1126 affirmat
625 1084 738 1127 enim
770 1096 841 1127 eos
872 1086 1155 1129 vehementer
1187 1099 1347 1130 errare.

116 1239 161 1273 10
308 1226 448 1269 LVII.
510 1227 747 1280 Postquam
789 1229 912 1271 modo
953 1228 1148 1283 finitiva,
1191 1231 1313 1272 modo
1356 1230 1655 1280 subiunctiva:

187 1296 373 1352 finitiva,
405 1299 605 1350 quotiens
636 1299 831 1341 iunctum
864 1300 1091 1354 accipitur,
1123 1303 1174 1343 ut
1206 1301 1428 1355 Vergilius

290 1402 292 1404 r
299 1372 533 1423 postquam
564 1384 633 1412 res
663 1370 798 1412 Asiae
828 1370 1091 1424 Priamique
1123 1375 1309 1414 evertere
1337 1376 1509 1427 yentem

304 1440 562 1483 inmeritam
594 1441 737 1484 visum
768 1442 952 1496 superis,

185 1515 236 1555 ut
278 1512 340 1556 sit
369 1516 608 1566 ‘postquam
650 1514 791 1558 visum
824 1517 912 1557 est’.
974 1514 1255 1559 subiunctiva
1285 1528 1411 1571 vero,
1455 1517 1654 1569 quotiens

115 1598 158 1632 15
184 1584 446 1639 secernitur,
487 1588 538 1627 ut
573 1586 686 1639 ‘post
727 1586 850 1629 venit
883 1599 1011 1638 quam
1056 1586 1364 1643 exclamasset'‚
1401 1590 1513 1642 ‘post
1546 1589 1653 1632 fecit

184 1668 313 1709 quam
334 1657 538 1700 dixisset'.
590 1661 826 1710 antequam
848 1658 971 1700 modo
992 1657 1186 1712 finitivis,
1218 1660 1340 1702 modo
1363 1660 1652 1705 subiunctivis
1701 1671 1722 1705 2

181 1727 400 1782 iungitur3
432 1728 627 1784 finitivis,
659 1732 710 1772 ut
741 1729 962 1783 Vergilius

301 1803 415 1852 ante,
439 1800 600 1855 pudor,
634 1814 766 1854 quam
799 1803 836 1842 te
867 1800 988 1843 violo.
1012 1802 1027 1855 ΙΙ

298 1943 463 1987 LVIII.
524 1944 582 1986 Ni
623 1947 669 1986 et
710 1944 794 1986 nisi
836 1944 1118 1987 subiunctiva
1154 1944 1242 1999 ita,
1286 1945 1332 1988 ni
1363 1945 1571 1989 fecissent
1603 1952 1648 1990 et

105 2027 152 2062 20
177 2014 262 2058 nisi
302 2015 526 2070 fecissent3
570 2028 830 2068 quamquam
868 2017 983 2068 apud
1015 2016 1263 2059 Ciceronem
1295 2029 1381 2060 non
1413 2030 1646 2071 numquam

295 2183 317 2218 5
363 2185 427 2217 Cic.
459 2185 552 2216 Rosc.
583 2187 695 2216 Amer.
733 2185 787 2221 18,
809 2194 862 2223 50
912 2185 993 2215 Sall.
1024 2185 1094 2215 Cat.
1133 2195 1186 2221 ll,
1218 2193 1237 2225 7
1382 2183 1404 2218 8
1449 2186 1514 2217 Cic.
1546 2187 1641 2218 Catil.

175 2245 270 2284 JIJ,
300 2244 322 2275 6
418 2243 463 2277 12
497 2245 587 2287 Vcrg.
614 2247 695 2276 Aen.
724 2245 787 2275 lll
809 2255 826 2275 J
926 2241 971 2277 18
1005 2244 1094 2286 Wvg.
1122 2246 1202 2275 Aen.
1235 2245 1292 2275 JV
1310 2254 1357 2285 27

294 2398 314 2432 1
354 2400 505 2442 superius
534 2400 633 2431 Clzar.
660 2400 774 2430 Diem.
802 2409 901 2440 super
927 2400 953 2430 S
984 2398 987 2441 Ι
1026 2400 1100 2430 inde
1132 2410 1152 2430 a
1179 2399 1397 2441 recipit—9
1425 2411 1536 2432 errare
1561 2403 1641 2433 ordo

171 2460 411 2491 sententiarum
436 2461 530 2501 apud
555 2460 654 2491 Char.
682 2465 711 2490 et
734 2460 849 2490 Diem.
876 2460 965 2490 alius
990 2464 1035 2490 est
1165 2458 1186 2491 2
1225 2466 1344 2490 accuto
1371 2461 1398 2491 S
1416 2458 1419 2502 Ι
1443 2461 1592 2492 ironicos
1617 2463 1644 2493 S

171 2513 351 2561 εἰρωνικῶς
379 2519 478 2551 Char.
504 2520 619 2551 Diom.
717 2517 739 2551 4
766 2523 900 2560 optatur
926 2519 952 2550 S
974 2523 1107 2560 aptatur
1136 2519 1234 2550 Char.
1250 2520 1366 2550 Diem.
1466 2518 1487 2552 5
1513 2521 1638 2551 cicero-

171 2588 249 2609 nem
282 2583 316 2609 et
341 2579 455 2619 ueryci
482 2579 509 2610 S
543 2576 547 2621 Ι
587 2584 619 2609 et
644 2579 1102 2619 Sallustius—temperarent
1127 2590 1188 2610 om.
1219 2579 1318 2610 Char.
1344 2580 1458 2610 Diam.
1498 2578 1503 2622 Ι
1542 2579 1637 2612 Salu-

171 2638 252 2669 stius
278 2639 305 2670 S
414 2637 436 2670 6
466 2638 630 2670 uictoriae
657 2636 854 2681 (corn—ia)
881 2643 1032 2679 tempore
1058 2649 1099 2669 ne
1127 2639 1284 2679 quotiens
1311 2639 1337 2669 S
1449 2637 1465 2670 7
1501 2639 1589 2670 elata
1615 2641 1642 2670 S

170 2709 258 2729 corr.
283 2698 368 2729 Keil
466 2696 512 2730 10
537 2698 753 2728 subiunctiva
778 2698 898 2739 recipit
923 2698 1037 2729 Diem.
1143 2696 1186 2730 11
1215 2699 1366 2729 iunctum
1395 2698 1494 2729 Char.
1521 2699 1635 2730 Diem.

169 2762 288 2789 accuto
316 2758 342 2789 S
369 2756 373 2800 Ι
404 2757 568 2798 VirgiIIus
594 2763 733 2799 utroque
759 2758 825 2789 loco
851 2758 877 2788 S
982 2756 1028 2790 15
1054 2763 1086 2788 et
1112 2764 1189 2799 post
1215 2758 1371 2797 uenisset,
1399 2763 1476 2799 post
1501 2759 1636 2790 fecisset

170 2817 197 2848 S
217 2828 304 2849 corr.
331 2818 414 2849 Keil
507 2815 552 2849 19
590 2817 722 2848 fecisset
747 2822 886 2858 utroque
911 2817 977 2848 loco
1007 2817 1105 2849 Char.
1133 2816 1268 2848 fecisses
1292 2818 1406 2848 Diam.

240 2886 445 2920 Tolkiehu‚
465 2885 636 2913 Dositheus.
1397 2878 1416 2908 6
