2148 3407
474 297 499 337 2

477 426 507 455 p·
536 415 611 453 376-
640 420 704 453 377
734 413 777 443 K-

592 484 625 525 I.
687 486 818 542 Τέχνη
855 484 1118 541 γραμματική
1151 483 1257 524 ἐστιν
1288 488 1432 539 γνῶσις
1461 482 1742 539 διωρθωμένης
1774 482 1931 538 ὁμιλίας

475 559 514 600 ἐν
555 564 613 613 τῷ
654 558 786 613 λέγειν
826 556 896 597 καὶ
936 555 976 596 ἐν
1016 560 1074 610 τῷ
1118 555 1283 611 γράφειν
1314 554 1545 609 ποιημάτων
1576 569 1622 594 τε
1653 554 1723 594 καὶ
1753 552 1931 608 ἀναγνώ-

476 645 575 678 σεως
616 627 794 685 ἔμπειρος
834 626 1095 668 διδασκαλία.
1157 625 1439 681 γραμματικός
1481 625 1586 665 ἐστιν
1631 623 1674 673 ὃς
1715 623 1801 672 ἑνὸς
1840 622 1932 664 ἑκά-

476 715 572 742 στου
616 700 854 756 πράγματος
895 699 968 749 τὴν
1007 697 1172 753 δύναμιν
1209 696 1278 737 καὶ
1308 697 1381 747 τὴν
1412 693 1632 752 κυριότητα
1661 695 1832 736 δυ’ναται
1861 709 1933 735 σα-

428 780 448 812 2
476 773 636 830 φηνίσαι
665 775 717 828 τῇ
746 770 886 825 λαλιᾷ.
938 773 1012 820 τῆς
1042 769 1184 824 τέχνης
1215 772 1289 819 τῆς
1319 771 1603 823 γραμματικῆς
1633 767 1658 818 ἥ
1687 766 1800 816 τάξις
1826 767 1934 806 συνέ-
1985 772 2006 806 5

477 859 623 895 στηκεν
656 844 809 898 μέρεσιν
841 842 1048 895 τέτρασιν,
1085 839 1307 895 ἀναγνώσει
1336 837 1551 894 διορθώσει
1581 837 1767 893 ἐξηγήσει
1797 837 1932 892 κρίσει.

430 922 450 956 3
479 914 700 970 ἀνάγνωσίς
731 913 837 953 ἐστιν
868 911 1026 962 ποικίλη
1058 908 1234 961 ἑκάστης
1265 913 1422 966 γραφῆς
1450 908 1667 966 ἐκφώνησις
1686 907 1937 949 δουλεύουσα

478 991 536 1040 τῷ
569 984 766 1040 ἀξιώματι
796 988 876 1023 τῶν
907 983 1123 1038 προσώπων
1155 982 1224 1022 καὶ
1255 981 1482 1021 ἐκτυποῦσα
1512 981 1561 1020 τὸ
1589 984 1728 1037 σχῆμα
1749 983 1822 1031 τῆς
1844 977 1936 1019 ἑκά-

480 1071 576 1098 στου
620 1056 760 1112 ῲυχῆς.
831 1053 1044 1109 διόρθωσίς
1085 1052 1192 1093 ἐστιν
1234 1050 1504 1108 ἐπανόρθωσις
1540 1056 1622 1091 τῶν
1658 1051 1818 1091 πλανῶν
1857 1055 1938 1091 τῶν

478 1129 548 1169 διὰ
598 1131 756 1184 γραφῆς
806 1125 830 1177 ἢ
878 1125 1024 1175 λέξεως
1070 1125 1309 1180 γεναμένων.
1388 1122 1573 1178 ἐξήγησίς
1619 1122 1726 1163 ἐστιν
1773 1121 1939 1178 ἀσαφῶν
1968 1127 2012 1161 10

479 1200 663 1239 διανοιῶν
703 1197 773 1238 καὶ
801 1197 1006 1248 ζητήσεων
1036 1196 1232 1251 διήγησις.
1294 1195 1418 1250 κρίσις
1448 1194 1555 1234 ἐστὶν
1587 1192 1617 1248 ᾧ
1650 1194 1704 1234 τὰ
1734 1193 1941 1249 ποιήματα

433 1277 455 1310 4
480 1270 550 1311 καὶ
589 1270 665 1318 τὰς
702 1269 844 1316 λοιπὰς
880 1268 1039 1324 γραφὰς
1075 1267 1300 1322 διαρτῶμεν
1337 1265 1406 1306 καὶ
1435 1264 1804 1321 διασταῦμώμεῧα.
1867 1268 1940 1315 τῆς

481 1342 622 1398 τέχνης
659 1344 732 1391 τῆς
770 1342 1054 1395 γραμματικῆς
1086 1337 1126 1378 αἱ
1158 1337 1279 1394 ἀρχαὶ
1310 1336 1387 1378 ἀπὸ
1418 1342 1500 1377 τῶν
1532 1336 1738 1392 στοιχείων
1769 1335 1938 1391 ἐγείρον-

481 1427 563 1463 ται,
596 1413 650 1452 τὰ
682 1414 860 1467 στοιχεῖα
882 1407 896 1460 ΙΙ
919 1413 1134 1450 τυποῦνται
1156 1407 1208 1456 εἰς
1230 1409 1468 1464 γράμματα,
1498 1409 1553 1447 τὰ
1573 1407 1799 1463 γράμματα
1819 1406 1936 1447 συνά-

482 1498 625 1539 γονται
656 1482 710 1531 εἰς
741 1480 964 1538 συλλαβάς,
998 1479 1221 1536 συλλαβαῖς
1242 1478 1583 1535 περιλαμβάνεται
1602 1478 1720 1529 λέξις,
1754 1477 1796 1518 αἱ
1814 1477 1940 1528 λέξεις
1968 1483 2013 1518 15

484 1555 726 1610 συνάγονται
770 1552 822 1601 εἰς
864 1554 961 1609 μέρη
1005 1552 1154 1607 λόγου,
1203 1551 1223 1591 ὃ
1265 1551 1313 1592 δὲ
1355 1551 1481 1606 λόγος
1517 1549 1571 1599 εἰς
1609 1549 1757 1606 ἀρετὰς
1786 1549 1857 1590 καὶ
1887 1548 1941 1597 εἷς

486 1626 636 1683 ψόγους
667 1626 856 1665 κάτεισιν.

936 1774 1084 1822 ΠΕΡΙ
1123 1772 1502 1823 ΠΡΟΣῼΙΔΙΩΝ

605 1883 662 1925 Π.
724 1885 937 1941 Προσῳδία
969 1884 1075 1925 ἐστὶν
1103 1888 1193 1941 μιᾶς
1215 1882 1410 1939 ἑκατέρας
1431 1882 1639 1940 συλλαβῆς
1657 1880 1759 1931 ἴδιος
1780 1875 1943 1938 [κύριος]

487 1957 585 2015 ἦχος
616 1950 774 2010 [τόνος],
807 1954 850 1996 ὃν
881 1955 921 1996 ἐν
953 1959 1005 2013 τῇ
1032 1954 1222 2013 ἑλληνικῇ
1243 1955 1468 2010 προσῳδίαν
1489 1955 1675 2010 λέγουσιν
1707 1947 1942 2007 [καλοῦσιν].
1970 1956 2017 1991 20

488 2030 692 2086 προσῳδία
731 2029 839 2084 παρὰ
878 2028 927 2068 τὸ
968 2025 1259 2083 προσάδεσῦαι.
1326 2026 1546 2082 προσῳδίαι
1585 2025 1626 2066 ἐν
1664 2029 1716 2083 τῇ
1757 2023 1948 2082 ἑλληνικῇ

609 2180 774 2212 INCIPIT
801 2174 1041 2211 GRAMTICA
1121 2178 1339 2210 DOSITHEI
1372 2179 1415 2209 H
1443 2177 1609 2209 INCIPIT
1635 2177 1947 2208 GRAMMATICA

491 2240 680 2272 DOSITHI
707 2238 930 2271 MAGISTRI
956 2239 982 2269 S
1028 2235 1050 2270 2
1077 2248 1222 2280 σραφειν
1238 2237 1283 2268 H
1303 2247 1553 2279 καναγνωσεων
1569 2237 1614 2268 H
1657 2235 1678 2269 5
1705 2235 1902 2278 συνεκτηκεν
1925 2235 1952 2267 S

492 2299 513 2333 6
547 2309 731 2341 αναρνωσει
757 2298 782 2329 S
841 2297 858 2330 7
892 2300 1032 2339 ποκαιλη
1058 2298 1102 2328 H
1158 2295 1180 2330 8
1211 2307 1417 2340 εκαστουχης
1441 2298 1485 2328 H
1512 2299 1646 2330 πλανων
1671 2307 1769 2329 τινων
1794 2296 1851 2328 δια
1874 2295 1952 2327 HS

492 2370 578 2390 corr.
605 2359 687 2390 Keil
733 2356 778 2390 10
802 2368 944 2400 γραφιης
968 2358 1011 2388 Η
1023 2355 1032 2400 Ι
1055 2353 1240 2399 γενομένων
1258 2357 1341 2388 Keil
1362 2354 1506 2399 εξηγεσις
1522 2357 1566 2388 Η
1586 2353 1750 2398 εξεγρησις
1766 2355 1792 2387 S
1811 2352 1816 2397 Ι
1839 2365 1949 2388 αποισι

492 2430 586 2460 υφων
605 2418 648 2449 Η
669 2428 811 2460 ακαφων
830 2417 855 2448 S
878 2427 1022 2459 ασαφων
1040 2416 1123 2448 Keil
1143 2427 1188 2447 an
1215 2414 1438 2457 ἀποκρύφωνὶ
1487 2414 1531 2448 11
1551 2416 1767 2458 διωρεωσεως
1783 2415 1827 2446 H
1845 2425 1907 2446 om.
1927 2413 1953 2445 S

493 2475 641 2519 διήγησις
666 2478 748 2508 Keil
766 2475 770 2519 Ι
794 2471 881 2509 ἐστίν
907 2487 967 2508 om.
995 2477 1021 2507 S
1139 2473 1183 2507 12
1210 2475 1415 2517 διαρτομεῦα
1439 2476 1483 2506 Η
1500 2474 1504 2517 Ι
1527 2475 1787 2518 διασταῦμομεα
1808 2474 1852 2505 H
1871 2474 1949 2504 alte-

494 2548 571 2568 rum
604 2537 662 2579 τῆς
692 2547 753 2567 om.
787 2537 831 2567 H
891 2534 937 2568 13
969 2547 1053 2579 στιχι
1077 2536 1121 2567 H
1180 2532 1226 2567 14
1260 2545 1429 2568 τυποινται
1453 2536 1497 2566 Η
1556 2533 1602 2568 15
1634 2534 1813 2576 συλλαβαῖς
1837 2543 1899 2564 om.
1927 2532 1952 2563 S

494 2596 613 2628 emend.
646 2595 728 2626 Keil
757 2606 790 2628 αι
820 2596 972 2637 σιλλαβαι
1002 2595 1283 2637 περιλαμβανεται
1314 2606 1358 2632 εις
1390 2591 1490 2633 λεξεις
1514 2595 1558 2625 Η
1586 2594 1628 2626 cf.
1664 2594 1711 2625 W.
1727 2593 1764 2634 f.
1789 2592 1834 2624 kl.
1859 2592 1948 2623 Phil.

499 2665 598 2696 1910,
615 2664 685 2696 990
733 2652 778 2686 16
804 2651 820 2687 ὁ
847 2653 884 2687 δὲ
909 2653 1002 2697 λόγος
1020 2666 1080 2686 om.
1099 2655 1143 2685 H
1187 2653 1229 2686 17
1258 2654 1370 2696 ψογοις
1386 2654 1430 2685 Η
1474 2651 1519 2686 19
1545 2654 1682 2695 προσδιὸ
1698 2650 1763 2694 ΗΙ
1784 2662 1894 2693 κυριον
1912 2652 1955 2682 Η

496 2713 612 2755 κύριος,
637 2711 737 2752 τόνος,
763 2716 917 2747 καλοῦσιν
941 2714 1059 2745 seclusi
1117 2711 1163 2745 20
1195 2707 1229 2746 ἐν
1254 2725 1315 2746 om.
1342 2713 1368 2744 S
1387 2711 1392 2756 Ι
1414 2710 1605 2755 προσῳδίαν
1630 2724 1692 2744 om.
1718 2712 1745 2743 S
1797 2708 1842 2743 21
1874 2721 1951 2752 προ-

499 2773 656 2806 σαιδεσῧν
681 2774 724 2803 Η
744 2774 915 2815 προσωδια
940 2774 983 2805 Η
1000 2772 1004 2815 Ι
1028 2775 1202 2814 ελληανικη
1228 2773 1271 2803 Η
