2148 3407
474 308 526 349 16

470 437 504 468 p.
533 425 610 466 384.
639 424 703 464 385
733 425 775 454 K.

470 501 522 547 ὡς
553 498 601 539 τό
725 497 859 548 ,ὁπότε
888 496 936 537 ’δὲ
966 495 1036 536 καὶ
1067 495 1127 535 ἐπὶ
1157 495 1312 545 τέλους,
1348 495 1400 542 ὡς
1430 493 1479 534 τό
1603 493 1656 533 ,ἐν
1687 496 1772 541 τοῖς
1803 491 1926 542 ξένοις

469 567 590 626 μόνον
623 568 810 625 ὀνόμασιν
841 572 996 623 πρῶτον
1026 566 1201 617 τίθεται,
1238 567 1290 614 ὡς
1321 564 1360 605 ἐν
1387 569 1446 619 τῷ
1468 560 1649 603 Xantho
1671 559 1924 614 <Xenone>3

471 644 633 697 σημεῖον
663 640 710 681 δὲ
741 638 926 695 ἀριθμοῦ,
961 638 1082 678 ὁπότε
1111 638 1215 678 δέκα
1248 636 1441 692 σημαίνει.

587 849 643 894 Χ.
706 853 741 893 Β
773 852 943 908 γράμμα
975 850 1184 907 σύμφωνον
1217 847 1374 906 ἄφωνον
1406 848 1475 888 καὶ
1505 848 1779 904 προτάσσεται
1798 861 1926 904 φωνη-

469 926 590 965 έντων
630 924 700 964 καὶ
741 923 1034 964 ὑποτάσσεται·
1083 921 1359 976 προτάσσεται
1399 919 1447 959 δὲ
1490 919 1560 960 καὶ
1599 919 1831 976 ἡμιφώνων,
1875 919 1943 966 ὡς.
1977 928 1996 961 5

468 995 560 1042 <έν>
600 1000 658 1049 τῷ
690 989 928 1032 Blesamio‘
974 991 1162 1048 ἔγγιστον
1199 995 1272 1032 τοῦ
1304 1001 1331 1040 p
1363 992 1619 1047 γράμματος,
1652 989 1749 1030 καθ’
1780 988 1801 1030 ὃ
1832 989 1928 1030 πολ-

467 1067 585 1115 λάκις
626 1065 882 1106 ἀλλάσσεται
1004 1072 1039 1104 ,c
1081 1063 1251 1119 γράμμα
1294 1061 1502 1119 σύμφωνον
1544 1059 1700 1119 ἄφωνον
1738 1061 1808 1101 καὶ
1837 1074 1929 1116 προ-

467 1139 665 1178 τάσσεται
706 1137 939 1194 φωνηέντων
975 1135 1045 1176 καὶ
1076 1135 1294 1191 συμφώνων
1324 1133 1393 1174 καὶ
1425 1133 1719 1174 ὑποτάσσεται·
1761 1132 1831 1172 καὶ
1861 1146 1930 1184 ση-

470 1213 578 1265 μεῖον
603 1211 899 1265 χρηματισμοῦ,
924 1207 1045 1247 ὁπότε
1068 1205 1187 1262 μόνον
1204 1205 1326 1246 Γάιον
1348 1205 1550 1261 σημαίνει·
1575 1203 1720 1260 ὁμοίως
1741 1202 1927 1260 ἀριθμοῦ,

471 1280 591 1321 ὁπότε
622 1277 768 1320 ἑκατὸν
800 1279 993 1335 σημαίνει.
1057 1274 1085 1315 (1
1115 1277 1285 1332 γράμμα
1317 1275 1526 1333 σύμφωνον
1558 1273 1715 1333 ἄφωνον
1746 1274 1815 1315 καὶ
1834 1288 1926 1330 προ·
1956 1283 2000 1318 10

469 1351 667 1392 τάσσεται
702 1355 783 1390 τῶν
816 1351 1048 1407 φωνηέντων
1080 1343 1153 1388 καὶ
1180 1348 1453 1388 ὑποτάσσεται
1575 1345 1776 1403 ,ἔγγιστον
1806 1351 1888 1386 τῶν
1919 1340 1929 1398 Η

468 1422 719 1478 γραμμάτων
759 1426 839 1461 τῶν
876 1421 1092 1477 συμφώνων
1123 1419 1279 1460 τούτων
1402 1418 1443 1470 ,ἃ
1475 1419 1745 1475 ὑπεισέρχεται
1775 1416 1830 1466 εἰς
1858 1417 1930 1458 τὸν

468 1493 592 1534 τόπον
612 1493 758 1534 τούτου
882 1497 891 1506 ·
906 1495 1067 1547 σημεῖον
1089 1494 1383 1547 χρηματισμοῦ,
1408 1489 1530 1530 ὁπότε
1545 1488 1713 1546 Δέκιμον
1735 1489 1928 1545 σημαίνει,

471 1564 615 1621 ὁμοίως
646 1563 830 1620 ἀριθμοῦ,
864 1563 985 1603 ὁπότε
1015 1562 1298 1610 πεντακοσίους
1329 1562 1521 1618 σημαίνει.
1583 1570 1614 1611 g
1643 1561 1812 1617 γράμμα
1833 1559 1929 1616 σύμ-

469 1649 597 1693 φωνον
639 1632 794 1693 ἄφωνον
835 1634 904 1675 καὶ
944 1634 1217 1690 προτάσσεται
1258 1634 1492 1690 φωνηέντων
1533 1632 1602 1673 καὶ
1643 1632 1927 1682 ὑποτάσσεται,
1957 1641 2000 1675 15

471 1709 523 1755 ὡς
552 1706 601 1747 τό
725 1705 1009 1762 ,προτάσσεται
1039 1706 1086 1746 δὲ
1125 1705 1194 1745 καὶ
1225 1706 1444 1762 συμφώνων
1476 1705 1528 1752 ὡς
1550 1702 1590 1744 ἐν
1611 1708 1669 1759 τῷ
1792 1699 1832 1742 .h
1862 1717 1928 1743 κυ-

590 2246 611 2280 1
651 2247 696 2286 ὡς
720 2245 756 2280 τό
775 2248 893 2289 priore
918 2248 984 2278 loco
1011 2258 1071 2278 om.
1100 2248 1126 2278 S
1220 2245 1241 2278 2
1277 2257 1453 2288 ονομασοιν
1477 2246 1521 2277 Η
1541 2256 1680 2288 ονομασι
1705 2245 1731 2276 S
1749 2243 1754 2287 ί
1775 2234 1872 2284 ξαντο
1896 2245 1941 2277 Η

476 2308 618 2339 Xenone
643 2308 759 2338 addidi
852 2305 874 2339 4
901 2307 926 2337 B
953 2318 1014 2338 om.
1043 2307 1068 2337 S
1087 2304 1091 2348 Ι
1114 2317 1338 2348 προτασσεται
1363 2316 1555 2348 συμφωνοις
1579 2305 1623 2336 H
1706 2303 1728 2338 5
1752 2315 1936 2347 ημιφωνοις

474 2368 518 2399 Η
535 2369 539 2409 Ι
562 2377 608 2405 ως
632 2377 668 2399 το
695 2367 872 2399 Βλεσαλλιο
897 2367 941 2397 Η
961 2377 1022 2397 om.
1051 2366 1076 2397 S
1099 2360 1132 2398 ἐν
1159 2366 1274 2396 addidi
1297 2367 1356 2398 τοῦ
1381 2376 1443 2396 om.
1461 2364 1505 2396 H
1574 2362 1591 2396 7
1612 2374 1629 2395 c
1647 2372 1708 2396 om.
1727 2364 1754 2395 S
1822 2361 1845 2397 8
1860 2375 1935 2406 ημι-

474 2437 597 2469 φωνοις
633 2437 690 2458 και
727 2437 911 2468 συνφωνοις
946 2426 989 2457 Η
1019 2423 1023 2467 Ι
1057 2423 1115 2458 καὶ
1152 2431 1227 2457 ante
1258 2425 1395 2466 σημεῖον
1421 2435 1482 2456 om.
1510 2425 1555 2455 H
1580 2434 1678 2465 σημιο
1702 2433 1934 2467 χρηματισμου

475 2485 575 2526 (corr.
611 2483 773 2527 ἀρηεμου)
805 2496 904 2518 οποτε
935 2485 959 2516 Ρ
995 2496 1148 2526 σημαινει
1180 2485 1224 2516 Η
1251 2481 1680 2527 χρηματισμοῦ-ἀριθμοῦ
1712 2493 1773 2514 om.
1800 2482 1827 2513 S
1846 2493 1933 2513 corr.

474 2546 556 2576 Keil
647 2543 693 2577 10
719 2545 740 2576 d
767 2545 849 2576 Keil
870 2545 894 2577 Δ
920 2545 963 2575 Η
983 2555 1044 2575 om.
1073 2544 1099 2575 S
1117 2542 1122 2586 1
1144 2544 1298 2586 προταεῖξῖ
1324 2554 1445 2585 φωνοις
1469 2543 1514 2574 Η
1621 2539 1667 2575 12
1704 2553 1771 2575 των
1797 2552 1935 2583 συμφω-

473 2615 539 2642 νοις
571 2604 615 2635 Η
647 2601 651 2646 1
691 2601 713 2636 ἃ
748 2600 1139 2647 ὑπεισέρχεται-τούτου
1177 2612 1239 2634 om.
1278 2603 1323 2634 H
1461 2600 1508 2634 13
1549 2602 1662 2635 Δεκιον
1697 2601 1772 2632 HS
1803 2601 1938 2632 correxi

474 2661 520 2695 14
545 2673 643 2696 οποτε
669 2662 696 2695 Φ
725 2674 877 2705 σημαινει
901 2664 945 2694 Η
962 2661 966 2705 Ι
990 2674 1010 2704 g
1036 2664 1118 2694 Keil
1140 2663 1166 2695 Γ
1192 2663 1236 2694 Η
1256 2674 1318 2693 om.
1346 2662 1372 2693 S
1465 2660 1512 2694 15
1538 2671 1660 2704 φωνοις
1683 2660 1727 2692 Η
1817 2657 1863 2692 16
1889 2659 1935 2697 ὡς

473 2720 510 2755 τό
544 2733 605 2753 om.
633 2722 658 2753 S
689 2720 692 2765 Ι
728 2733 918 2764 συμφωνοις
943 2724 986 2754 Η
1014 2723 1034 2753 h
1061 2734 1123 2754 om.
1150 2722 1176 2753 S
1197 2723 1293 2753 haud
1313 2722 1378 2753 scio
1405 2732 1449 2753 an
1481 2719 1622 2764 γράμμα
1654 2719 1818 2752 excuderit.
1851 2729 1934 2760 κιριο

475 2792 535 2823 μεν
559 2782 603 2812 Η
622 2792 751 2823 κιριοως
778 2785 819 2823 μὲ
846 2782 871 2812 S
