2132 3471
128 1241 171 1275 10

127 1670 170 1705 15

1607 325 1661 366 89

199 454 233 485 p.
259 444 327 482 426
356 444 399 476 K.

199 513 376 567 argenti
407 516 450 555 et
485 516 679 568 argento,
712 526 817 568 egeo
849 515 994 558 victus
1023 519 1068 557 et
1099 514 1231 568 victu,
1264 515 1407 568 potior
1429 515 1598 558 fruetus
1620 519 1665 557 et

198 584 360 639 fructu,
391 586 508 638 apud
539 585 742 637 antiquos
773 586 917 639 potior
947 586 1060 628 hanc
1090 598 1195 631 rem.

317 727 500 770 LXVII.
563 728 868 772 Nominativus
916 741 1042 771 casus
1089 729 1231 771 trahit
1277 730 1458 772 verbum
1502 729 1664 772 tertiae

197 810 421 852 personae,
453 802 503 841 ut
524 799 755 853 Pompeius
787 800 832 843 in
863 800 993 843 litore
1024 801 1220 854 Aegypti
1252 801 1413 843 dicitur
1446 801 1662 854 occidisse,

198 870 447 913 nominatur
477 871 594 913 inter
626 877 826 914 auctores
849 872 1031 926 Caelius,
1064 872 1286 926 Vergilius
1318 873 1514 914 Aeneida
1545 872 1661 914 fecit.

198 941 429 986 vocativus
471 944 703 985 secundam
741 956 970 996 personam
1003 944 1185 997 accipit,
1227 947 1277 986 ut
1308 944 1478 997 Vergili
1509 944 1662 998 scribe,

198 1013 346 1056 Cicero
388 1016 612 1066 responde.
674 1015 815 1068 prima
846 1027 1032 1068 persona
1062 1028 1148 1058 non
1181 1018 1282 1068 eget
1314 1027 1437 1068 casu,
1480 1017 1554 1058 sed
1587 1017 1661 1058 ad-

197 1084 338 1127 mittit
379 1085 720 1140 nominativum,
763 1091 815 1128 ut
856 1088 998 1130 servio
1031 1088 1256 1141 ingenuus.
1317 1088 1491 1130 nomina
1524 1088 1663 1130 forma

197 1156 528 1210 participiorum
558 1158 703 1210 posita
728 1159 934 1211 genetivo
957 1159 1077 1201 casui
1098 1159 1350 1212 iunguntur,
1381 1164 1431 1201 ut
1453 1164 1663 1212 appetens

196 1228 418 1282 pecuniae,
452 1228 684 1272 Terentius
716 1229 930 1284 ‘fugitans
963 1230 1121 1272 litimn’
1151 1234 1196 1272 et
1218 1230 1452 1273 Sallustius
1473 1230 1662 1284 ‘cupien-

199 1298 395 1342 tissimus
427 1299 556 1355 Zeffl's?
605 1302 843 1355 participia
874 1314 978 1345 vero
1013 1302 1263 1345 accusativo
1296 1302 1571 1357 copulantur,
1613 1306 1663 1345 ut

196 1375 408 1425 appetens
439 1373 678 1427 pecuniam,
709 1373 882 1427 fugiens
913 1373 1026 1427 lites,
1059 1374 1234 1427 cupiens
1264 1374 1416 1428 legem.

315 1515 523 1559 LXVIII.
587 1519 753 1576 εὐθυμεῖ
779 1517 891 1559 bono
925 1517 1065 1560 animo
1089 1521 1166 1560 est.
1219 1520 1408 1578 βελτίονά
1430 1537 1492 1562 σοι
1513 1536 1661 1577 κατεγ-

197 1596 356 1648 γυῶμαι
385 1587 566 1630 meliora
594 1588 677 1630 tibi
699 1590 899 1641 spondeo.
950 1588 1220 1642 imaginatur
1242 1590 1355 1641 quod
1377 1590 1517 1642 eupit3
1550 1594 1663 1633 δικα-

197 1662 359 1718 στήριον
390 1663 676 1719 συνεκρότησεν
708 1660 913 1702 iudicium
943 1660 1167 1713 confiavit3
1200 1666 1351 1703 mutua
1373 1661 1479 1704 viee.
1534 1664 1664 1721 ὀχλῶν

197 1733 376 1790 ἐμμένεις
405 1731 552 1784 pergis
584 1731 791 1773 molestus
824 1743 927 1774 esse.
990 1741 1126 1785 κακῶς
1149 1737 1390 1792 ὑπονοοῦμαι
1411 1737 1495 1793 περὶ
1516 1736 1663 1778 ἐκείνου

195 1801 310 1844 male
351 1815 579 1855 praesumo
622 1804 675 1845 de
716 1803 802 1845 illo.
872 1807 1086 1864 ψηφίζεταί
1128 1822 1194 1864 μοι
1237 1804 1507 1858 suffrag-atm-
1547 1805 1662 1847 mihi.
1713 1824 1720 1832 ·

197 1876 436 1930 ἀντικτυπεῒ,
471 1877 771 1935 ἀντιλογίζεταί
803 1894 869 1935 μοι
900 1875 1154 1929 refragatur
1175 1875 1291 1917 mihi.
1346 1884 1452 1935 μισεῖ
1469 1880 1542 1931 τὴν
1565 1879 1662 1935 ἀγο-

197 1952 307 2004 ραῖον
338 1958 420 1989 uSu
451 1945 614 1988 forensi
647 1947 865 1989 abhorret.
929 1949 1018 2007 βίας
1049 1965 1120 1991 σου
1153 1957 1370 2007 κατηγορῶ
1403 1947 1471 1991 Vis
1504 1952 1549 1990 te
1580 1948 1660 1990 Cri-

314 2079 466 2110 LXVIII.
516 2080 691 2110 Plurimae
715 2080 838 2110 harum
865 2080 1079 2110 elocutionum
1106 2085 1237 2110 exstant
1259 2081 1295 2111 in
1321 2081 1425 2112 codice
1441 2081 1661 2122 A'eapolitarzo

199 2137 346 2169 Charisii
369 2139 444 2170 inde
468 2150 489 2170 a
504 2139 596 2180 folio
621 2143 688 2178 25²¹
725 2139 768 2180 cf.
789 2140 905 2180 praes.

314 2267 361 2302 10
392 2270 426 2301 Τ
420 2281 466 2302 ιν.
492 2271 628 2302 Phorm.
657 2270 727 2309 623
752 2271 833 2301 Sall.
860 2271 950 2301 szt.
977 2271 1046 2302 Rel.
1073 2271 1160 2312 V19
1185 2272 1384 2303 Maurenbr.

314 2399 335 2433 1
379 2411 463 2442 egeo
497 2402 663 2433 victus—
680 2401 792 2443 potior
825 2401 912 2432 hanc
937 2412 1008 2432 rem
1035 2413 1095 2433 om.
1122 2403 1170 2433 M
1307 2401 1330 2435 4
1372 2404 1521 2445 Aegypti
1547 2405 1659 2435 Diem.

195 2460 373 2502 aegyptios
398 2462 481 2492 MS
505 2460 509 2504 Ι
538 2461 687 2492 oceidise
714 2461 947 2492 nominatiuus
974 2462 1001 2492 S
1118 2461 1139 2495 5
1181 2463 1507 2494 nominatur—fecit
1531 2475 1593 2495 om.
1619 2464 1668 2495 M

196 2519 334 2552 Coelius
350 2520 466 2552 Diom.
486 2521 622 2552 Caelius
640 2521 667 2552 S
685 2518 690 2562 Ι
712 2521 875 2561 Virgilius
893 2522 920 2552 S
1013 2520 1035 2553 6
1053 2522 1175 2562 virgili
1193 2523 1274 2553 MS
1367 2521 1389 2556 8
1415 2523 1563 2554 admittit
1589 2524 1658 2565 ple-

194 2589 335 2620 rumque
373 2580 620 2611 nominatiuum
658 2585 694 2611 ut
732 2580 817 2611 liber
855 2581 976 2613 seruio.
1012 2581 1181 2622 ingenuus
1219 2582 1328 2612 milito
1363 2583 1411 2613 Λ]
1439 2587 1470 2613 et
1501 2583 1603 2614 seruit
1638 2584 1665 2614 S

195 2637 218 2671 9
243 2644 408 2680 appetens
432 2640 596 2681 pecuniae
621 2640 841 2672 Croesus'lll
939 2639 985 2672 10
1011 2641 1189 2672 terrentius
1215 2642 1263 2672 ill
1270 2642 1297 2672 S
1315 2640 1319 2683 Ι
1343 2641 1520 2673 Sallustius
1544 2643 1658 2674 Diom.

197 2697 362 2730 Salustius
387 2699 470 2730 MS
610 2697 656 2732 14
693 2699 824 2741 sponde
855 2700 953 2731 Char.
983 2698 987 2742 Ι
1015 2700 1219 2742 imaginatur
1245 2702 1338 2742 quod
1364 2702 1455 2743 cupit
1480 2713 1541 2733 om.
1568 2703 1667 2733 HM

195 2757 312 2789 anima
338 2763 395 2789 tua
421 2759 512 2799 quod
539 2759 634 2800 cupit
661 2759 761 2791 Char.
895 2758 941 2793 15
983 2771 1094 2804 οχαων
1120 2771 1274 2802 ενιμενεις
1311 2771 1338 2792 ω
1364 2773 1451 2793 corr.
1477 2762 1564 2799 Keil,
1585 2767 1663 2803 post

194 2817 272 2849 baec
295 2818 397 2849 verba
422 2824 537 2850 mutua
561 2819 637 2850 uice
662 2819 762 2850 HM
859 2817 906 2851 16
931 2817 1005 2861 περί
1030 2821 1112 2851 Keil
1132 2830 1198 2861 παρ
1226 2831 1252 2851 ω
