2164 3471
119 1159 163 1194 10

115 1519 159 1554 15

1601 320 1654 361 :37

194 446 226 477 p·
254 442 333 477 395·
361 436 428 476 396
455 436 499 468 K.

192 506 354 549 minum
394 506 505 549 fiunt
535 507 628 549 sine
660 507 750 549 ulla
783 507 1125 561 comparatione,
1158 510 1208 550 ut
1239 520 1402 561 parvus
1434 508 1655 563 parvulus,

193 577 446 620 adulescens
468 578 835 621 adulescentulus.
877 578 985 621 illud
1006 591 1109 622 vero
1131 579 1388 634 memineris,
1411 581 1524 632 quod
1545 591 1653 623 sem-

191 661 270 702 per
301 649 616 692 deminutiones
647 650 879 704 generibus
911 650 1000 692 suis
1030 651 1146 692 unde
1178 651 1377 693 oriuntur
1404 655 1666 705 consonant,-

191 733 332 775 pauca
364 721 610 775 dissonant,
653 724 703 763 ut
733 722 842 764 haec
874 734 983 764 rana
1014 722 1085 764 hic
1115 722 1400 776 ranunculus,
1431 723 1654 776 glandium

191 792 464 847 glandicula,
505 792 611 835 beta
651 793 881 847 betaceus,
922 792 1070 836 malva
1110 793 1381 848 malvaceus,
1422 794 1654 847 pistrinum

192 864 394 918 pistrilla,
426 867 476 906 ut
499 864 732 907 Terentius
763 865 809 906 in
832 867 846 917 ΙΙ
869 865 1079 918 Adelphis
1112 865 1227 907 ensis
1258 865 1450 908 ensicula
1473 870 1518 908 et
1540 866 1652 908 ensi-

192 936 333 978 culus:
375 935 562 978 Plautus
605 934 668 992 [in
710 936 883 989 singula
926 934 987 993 et]
1030 937 1075 979 in
1117 936 1331 982 Rudente.
1400 940 1654 990 monoptota
1707 951 1720 958 ’

190 1019 293 1050 vero
325 1007 501 1050 nomina
532 1011 577 1050 et
608 1007 717 1050 haec
749 1019 861 1059 quae
890 1012 1053 1050 natura
1084 1008 1325 1062 singularia
1355 1011 1477 1062 sunt,
1509 1008 1554 1050 id
1586 1012 1654 1051 est

190 1079 422 1132 elementa,
473 1079 580 1121 item
627 1078 850 1121 fluminum
897 1083 942 1121 et
987 1080 1196 1122 montium
1243 1080 1417 1122 nomina
1463 1080 1652 1134 propria,

190 1151 295 1194 item
337 1150 429 1193 dies
469 1150 596 1204 festi,
638 1151 742 1193 item
778 1150 1027 1193 litterarum
1060 1151 1295 1205 elementa,
1336 1152 1441 1194 item
1472 1152 1652 1205 numeri,

191 1222 548 1273 deminutionem,
597 1223 711 1274 quod
758 1222 917 1265 Graeci
964 1227 1227 1283 ὑποκορισμὸν
1275 1223 1520 1276 appellant,
1567 1235 1652 1266 non

187 1293 416 1348 recipiunt.
478 1297 607 1344 <sunt
649 1294 781 1336 etiam
824 1307 935 1347 quae
976 1295 1032 1337 ab
1074 1295 1142 1337 his
1176 1298 1379 1355 ῥηματικά
1410 1295 1651 1348 dicuntur>,

185 1378 264 1409 nos
293 1378 380 1409 non
412 1366 599 1408 absurde
630 1365 831 1409 verbalia
862 1366 1119 1420 dixerimus,
1151 1370 1201 1408 ut
1232 1369 1300 1408 est
1331 1379 1355 1408 a
1387 1367 1522 1409 verbo
1553 1366 1650 1419 lego

185 1437 316 1480 lectio
359 1440 405 1480 et
445 1441 601 1490 raptor
643 1441 687 1480 et
727 1449 956 1490 percussor
988 1450 1042 1479 ex
1074 1450 1122 1480 eo
1156 1438 1268 1490 quod
1299 1441 1418 1487 <est>
1449 1438 1572 1490 rapio
1605 1441 1650 1480 et

184 1509 392 1562 percutio.

303 1653 475 1695 XXIII.
539 1653 761 1707 Quaedam
793 1652 1016 1707 generalia
1049 1656 1162 1706 sunt,
1196 1652 1350 1705 quibus
1381 1652 1517 1694 multa
1552 1665 1649 1695 con-

185 1724 385 1767 tinentur
429 1724 676 1778 dissimilia,
718 1728 769 1766 ut
812 1723 972 1766 animal
1015 1724 1156 1766 arbor.
1219 1736 1273 1766 ex
1314 1724 1382 1766 his
1412 1727 1652 1766 nascuntur

305 1819 327 1853 6
358 1821 431 1852 Ter.
459 1822 522 1852 Ad.
545 1823 621 1861 584
722 1820 738 1852 7
766 1821 879 1852 plaut.
907 1821 993 1851 Rud.
1023 1822 1115 1859 1156

304 1915 324 1948 1
364 1927 488 1958 paruus
513 1917 614 1948 uulus
639 1917 840 1948 adulescens
867 1916 955 1947 tulus
982 1917 1008 1947 S
1035 1915 1235 1947 adolescens
1261 1915 1532 1947 adolescentulus
1558 1916 1658 1947 HJJ

183 1975 206 2008 2
232 1987 311 2008 vero
338 1977 365 2008 S
389 1977 490 2008 Char.
516 1977 602 2009 Exc.
630 1988 692 2008 om.
718 1977 819 2008 HM
915 1974 936 2007 3
963 1976 1204 2007 diminutiones
1230 1986 1258 2006 ω
1285 1975 1371 2007 dem.
1402 1975 1501 2007 Clzar.
1528 1976 1612 2007 Exc.
1644 1977 1645 1997 ἒ

184 2036 221 2067 in
254 2037 321 2068 suis
353 2037 531 2077 generibus
556 2037 656 2068 HM
793 2034 816 2068 4
858 2035 1186 2076 haec—glandicula
1220 2047 1280 2067 om.
1307 2035 1407 2066 HM
1431 2034 1603 2066 raniculus
1629 2035 1655 2066 S

183 2096 388 2127 ranunculus
429 2097 530 2128 Char.
568 2097 655 2128 Exc.
691 2094 695 2139 Ι
730 2095 909 2136 grandium
947 2095 1144 2136 grandicula
1176 2096 1202 2126 S
1343 2093 1365 2127 6
1402 2100 1438 2126 ut
1475 2094 1652 2126 Terentius

183 2156 390 2188 —Rudente
415 2167 480 2188 om.
504 2157 604 2187 HM
623 2156 800 2187 terrentius
819 2156 845 2187 S
864 2153 867 2198 Ι
892 2155 1057 2196 Adelphis
1078 2155 1177 2186 Char.
1195 2156 1280 2187 Exc.
1302 2155 1430 2186 Adelfis
1449 2155 1475 2185 S
1570 2153 1587 2186 ἵ
1615 2159 1651 2186 ut

184 2220 260 2248 ante
282 2217 428 2247 Plautus
452 2216 528 2247 add.
555 2216 637 2247 lx'eil
667 2214 671 2258 Ι
706 2216 741 2246 in
767 2215 901 2255 singula
926 2219 957 2246 et
983 2215 1009 2246 S
1037 2215 1186 2246 ensicula
1210 2216 1296 2246 Exc.
1333 2214 1519 2246 ensiculum
1549 2214 1648 2245 Char.

184 2276 244 2306 del.
270 2275 354 2307 Keil
379 2274 384 2318 Ι
413 2275 589 2306 rudentem
616 2276 642 2306 S
663 2287 750 2307 corr.
777 2276 860 2306 lsec'l
993 2272 1015 2307 8
1045 2274 1184 2305 nomina
1209 2285 1270 2306 om.
1297 2275 1324 2306 S
1354 2272 1358 2316 Ι
1393 2274 1458 2305 11οε
1484 2279 1532 2304 est
1556 2274 1657 2304 HJJ

184 2335 266 2366 item
295 2335 396 2367 Char.
422 2336 508 2367 Exc.
624 2333 646 2367 9
664 2340 741 2376 post
766 2335 905 2366 nomina
930 2345 1014 2376 quae
1039 2335 1220 2365 exciderint
1244 2339 1382 2376 apparet
1405 2344 1445 2365 ex
1470 2334 1554 2364 Exc.
1581 2339 1611 2364 et
1635 2344 1650 2364 e

188 2395 288 2426 Char.
299 2407 310 2426 .·
347 2388 513 2433 ετινῦἰιιηι,
547 2395 622 2426 ilem
649 2395 784 2426 deornm
811 2392 857 2435 (et
883 2394 1058 2424 hominum
1085 2393 1164 2426 add.
1192 2393 1304 2436 Char.)
1337 2394 1472 2424 nomina
1490 2387 1644 2434 propria'

183 2452 229 2486 11
255 2454 414 2486 diminut.
442 2465 469 2485 ω
497 2455 620 2486 demin.
652 2454 752 2485 Char.
778 2455 865 2485 Exc.
889 2452 893 2496 Ι
917 2453 1009 2494 quod
1029 2453 1152 2484 Graeci
1179 2453 1381 2484 diminutiva
1406 2458 1530 2484 uocant
1554 2453 1655 2484 HM

184 2524 286 2555 quam
311 2514 398 2546 Exc.
425 2514 516 2555 quod
543 2525 629 2545 corr.
657 2523 759 2554 quam
783 2514 923 2554 A'eapol.
954 2513 1054 2545 Char.
1177 2511 1222 2545 12
1263 2512 1546 2544 sunt—dicuntur
1570 2513 1647 2544 add.

182 2573 265 2616 Jeep
290 2584 306 2605 c
334 2574 435 2605 Char.
462 2579 493 2605 et
515 2574 600 2605 Exc.
628 2574 720 2604 [llus.
747 2574 838 2604 rhen.
864 2573 991 2604 XLIV
1007 2572 1135 2613 (1889)
1156 2582 1208 2611 35
1231 2582 1307 2611 n.3
1332 2577 1408 2604 sunt
1434 2572 1535 2603 etiam
1561 2582 1649 2613 quae

182 2633 308 2665 Graeci
334 2632 503 2677 ῥηματικά
529 2633 645 2664 dieunt
669 2633 753 2664 Keil
893 2631 939 2665 13
981 2642 1043 2663 nos
1069 2642 1148 2663 uero
1174 2633 1274 2663 HM
1300 2642 1379 2663 uero
1406 2643 1467 2663 om.
1494 2633 1521 2663 S
1547 2631 1647 2664 Char.

180 2693 268 2725 Exc.
302 2692 307 2735 Ι
341 2693 420 2734 lego
446 2693 552 2724 uerbo
578 2693 679 2723 HM
697 2696 734 2724 ut
759 2703 778 2723 a
804 2693 909 2723 uerba
935 2689 1145 2734 (cora—bo)
1172 2697 1221 2722 est
1246 2691 1324 2732 lego
1350 2692 1376 2723 S
1488 2689 1536 2724 14
1572 2701 1646 2732 per-

182 2762 298 2784 cursor
323 2753 350 2784 S
383 2750 389 2796 Ι
428 2757 476 2783 est
501 2753 577 2784 add.
604 2752 688 2783 Keil
811 2750 857 2784 16
899 2751 1063 2793 quaedam
1091 2756 1201 2782 autem
1226 2752 1270 2782 H
1279 2751 1327 2782 .le
1440 2749 1484 2783 17
1529 2761 1568 2782 ex
1594 2751 1647 2782 his

181 2822 263 2843 uero
288 2813 333 2843 H
339 2813 388 2844 M
