2148 3407
417 571 437 604 {0

487 302 542 344 68

487 432 518 461 p.
546 428 626 459 413.
652 428 720 457 414
746 420 790 451 K.

487 490 579 542 sub,
610 493 720 533 κατά
750 489 993 541 secundum,
1025 491 1153 532 ἐπάνω
1185 499 1324 541 super,
1358 492 1448 546 ὑπέρ
1481 499 1623 540 supra,
1654 493 1774 546 πέραν
1805 489 1940 540 trans,

489 566 620 620 μέχρις
651 571 797 612 usque,
831 564 920 618 ὑπέρ
943 559 1073 600 ultra.
1125 562 1227 600 sunt
1248 558 1589 611 praepositiones
1611 570 1722 610 quae
1744 558 1940 601 ablativo

488 631 608 673 casui
638 630 847 684 serviunt,
878 637 929 672 ut
960 633 1036 674 ἀπό
1069 642 1108 684 a,
1140 633 1217 674 ἀπό
1241 630 1296 672 ab
1319 630 1408 683 abs,
1441 634 1545 689 μετά
1567 641 1672 683 cum,
1705 633 1765 673 ἐπί
1786 641 1941 682 coram,

488 706 572 761 περί
602 702 665 756 de,
698 705 743 746 ἐκ
765 704 841 745 ἀπό
871 713 934 753 ex,
967 704 1006 744 ἐν
1027 701 1083 754 in,
1117 706 1207 760 ὑπέρ
1230 713 1319 754 pro,
1350 705 1419 744 ’διά
1441 712 1556 754 prae,
1589 702 1678 745 ἄνευ
1700 705 1818 761 χωρίς
1839 700 1942 753 Sine,

488 778 572 832 περί
602 785 741 826 super,
787 776 857 816 ὑπό
890 772 990 825 sub,
1024 778 1137 832 μέχρι
1167 776 1317 824 tenus3
1359 771 1584 823 utriusque
1616 784 1756 825 casus,
1786 772 1832 813 in
1863 771 1942 814 sub
1993 780 2013 814 5

489 856 617 897 super
647 844 814 897 subter,
857 846 907 885 ut
938 847 1032 902 πρὸς
1062 846 1309 902 Σακέρῧωτα
1341 844 1396 884 ad
1428 841 1726 897 Sacerdotem,
1766 847 1840 902 πρὸ
1871 850 1944 887 τοῦ

490 919 671 975 βήματος
718 918 821 957 ante
867 914 1083 968 tribunal,
1129 918 1214 973 περὶ
1258 918 1334 969 τὴν
1381 918 1531 974 σχολήν
1579 914 1695 956 cirea
1742 913 1945 967 scholam,

489 991 573 1045 περὶ
602 991 657 1030 τὰ
687 990 798 1046 τείχη
832 986 991 1028 Circum
1022 998 1177 1036 muros,
1209 989 1321 1037 ἐντὸς
1347 985 1488 1040 Ῥήνου
1521 984 1582 1026 Cis
1615 985 1794 1039 Renum,
1825 990 1945 1029 κατέ-

490 1076 600 1101 ναντι
639 1065 711 1101 τοῦ
744 1060 940 1117 Τιβέρεως
977 1060 1130 1099 contra
1161 1056 1376 1110 Tiberim,
1417 1059 1529 1108 ἐντὸς
1567 1059 1659 1115 ὅρου
1701 1056 1816 1098 citra
1858 1059 1946 1098 ter-

490 1128 672 1181 minum,
703 1132 788 1187 περὶ
818 1132 873 1172 τὰ
902 1134 1027 1172 τέκνα
1058 1140 1164 1182 erga
1195 1128 1317 1182 filios,
1349 1131 1466 1179 ἐκτὸς
1496 1131 1651 1180 πόλεως
1682 1130 1811 1169 extra
1841 1127 1946 1170 civi-
1976 1134 2020 1170 10

491 1203 640 1254 tatem,
672 1203 783 1252 ἐντὸς
814 1208 954 1260 τειχῶν
985 1199 1105 1241 intra
1135 1211 1290 1253 muros,
1323 1203 1473 1259 μεταξὺ
1497 1202 1619 1259 φίλων
1641 1198 1757 1240 inter
1778 1197 1948 1251 amiCOS,

492 1275 612 1330 ἐγγὺς
643 1279 716 1326 τῆς
738 1269 752 1323 ΙΙ
776 1274 985 1331 βασιλικῆς
1026 1270 1152 1312 iuxta
1191 1270 1442 1323 basilicam,
1486 1274 1557 1314 ὑπὸ
1598 1277 1651 1330 τῇ
1682 1273 1795 1314 πόλει
1830 1269 1950 1311 infra

492 1354 656 1396 muros,
687 1347 797 1386 κατὰ
827 1346 1101 1401 πατροκτόνου
1134 1342 1180 1383 in
1211 1342 1495 1394 parricidam,
1536 1345 1606 1385 ’διὰ
1636 1345 1709 1396 τὴν
1742 1343 1863 1401 ὀργήν
1895 1341 1950 1383 Ob

493 1413 623 1466 iram,
667 1418 771 1473 μετὰ
810 1417 949 1473 χρόνον
990 1417 1088 1465 post
1118 1415 1309 1467 tempus,
1351 1416 1402 1457 δι’
1432 1416 1577 1457 ἐκεῖνον
1608 1417 1787 1465 propter
1817 1411 1951 1466 illum,

496 1487 616 1528 ὀπίσω
649 1487 797 1528 ἐκείνου
830 1496 939 1537 pone
969 1484 1103 1538 illum,
1134 1489 1332 1544 παρεκτὸς
1359 1487 1454 1544 ἐμοῦ
1477 1487 1654 1535 praeter
1675 1495 1753 1537 me,
1786 1487 1858 1528 ὑπὸ
1879 1487 1952 1539 τὴν
1982 1492 2023 1525 15

495 1559 630 1610 κλίνην
660 1555 814 1597 subtus
843 1555 1015 1609 lectum,
1049 1559 1120 1600 ὑπὸ
1153 1559 1266 1600 σκιάν
1298 1555 1377 1597 sub
1409 1555 1616 1608 umbram,
1648 1558 1776 1599 ἐπάνω
1799 1558 1860 1599 ἐπὶ
1879 1563 1952 1599 τοῦ

497 1629 636 1686 βουνοῦ
669 1638 799 1679 super
830 1627 993 1680 collem,
1026 1631 1117 1686 ὑπὲρ
1149 1632 1222 1682 τὴν
1253 1629 1376 1686 τύχην
1407 1638 1539 1678 supra
1569 1625 1803 1677 fortunam,
1833 1631 1954 1686 πέραν

496 1705 568 1741 τοῦ
601 1700 796 1758 Τιβέρεως
827 1701 951 1740 trans
973 1698 1176 1752 Tiberim,
1209 1703 1322 1758 μέχρι
1352 1700 1568 1752 θαλάσσης
1589 1708 1725 1749 usque
1747 1698 1803 1740 ad
1823 1710 1954 1751 mare,

499 1773 590 1828 ὑπὲρ
631 1773 704 1824 τὴν
745 1773 902 1824 ἡλικίαν
938 1769 1057 1811 ultra
1089 1773 1302 1822 aetatem3
1345 1768 1534 1811 ablativi
1566 1780 1691 1810 casus
1723 1771 1845 1823 sunt,
1886 1773 1956 1813 διὰ

498 1847 569 1884 τοῦ
602 1844 777 1899 πολέμου
809 1852 916 1892 prae
946 1840 1077 1894 bello,
1120 1844 1238 1901 χωρὶς
1268 1849 1341 1885 τοῦ
1372 1843 1514 1892 παιδός
1544 1839 1637 1882 Sine
1667 1851 1813 1894 puero,
1846 1845 1960 1900 μέχρι
1983 1848 2029 1883 20

499 1913 599 1970 ἥβης
630 1915 756 1953 tenus
786 1911 918 1965 pube3
966 1923 1220 1965 communes,
1252 1917 1363 1956 κατὰ
1394 1915 1668 1971 πατροκτόνου
1700 1911 1746 1953 in
1777 1911 1958 1964 parrici-

500 1981 620 2035 dam,
662 1985 702 2025 ἐν
734 1984 845 2041 ἀγρῷ
877 1982 923 2024 in
954 1994 1082 2037 agro,
1127 1986 1180 2035 εἰς
1213 1986 1336 2042 ἀγρόν
1367 1983 1412 2024 in
1445 1995 1620 2037 agrum,
1663 1987 1750 2042 περὶ
1779 1985 1959 2043 Πριάμου

501 2064 630 2105 super
659 2052 856 2107 PriamO,
898 2057 1026 2098 ἐπάνω
1070 2057 1210 2114 βουνοῦ
1252 2066 1381 2107 super
1422 2053 1596 2107 collem,
1640 2058 1712 2098 ὑπὸ
1749 2061 1802 2115 τῇ
1834 2059 1962 2115 στέγῃ

621 2207 641 2240 1
668 2204 842 2250 πέραν-2
869 2219 955 2250 quae
972 2221 1033 2240 om.
1052 2211 1096 2240 Η
1104 2210 1151 2240 M
1241 2207 1262 2241 2
1281 2209 1433 2240 ablatiuo
1451 2209 1602 2240 seruiunt
1618 2210 1663 2240 H
1670 2210 1718 2240 M
1807 2208 1829 2241 3
1843 2214 1883 2247 ,ut
1900 2220 1962 2241 om.

503 2268 546 2298 H
554 2268 602 2299 M
690 2265 713 2300 4
739 2261 777 2300 ἐκ
802 2266 866 2301 ἀπὸ
885 2269 967 2300 Keil
987 2279 1075 2301 καπο
1101 2280 1129 2300 ω
1153 2267 1156 2311 Ι
1181 2265 1257 2302 ἄνευ
1277 2269 1358 2300 Keil
1372 2280 1453 2312 ανχυ
1471 2270 1514 2299 H
1527 2279 1609 2301 ανσυ
1628 2269 1671 2300 M
1683 2269 1710 2299 S
1803 2267 1825 2301 6
1850 2269 1964 2300 subter

504 2338 566 2358 om.
591 2327 618 2358 S
644 2324 649 2369 Ι
676 2331 713 2358 ut
737 2338 799 2358 om.
825 2329 869 2358 H
877 2329 924 2358 M
947 2325 951 2370 Ι
974 2328 1226 2369 προσακερδοτα
1252 2339 1279 2359 ω
1305 2339 1392 2359 corr.
1419 2328 1500 2359 Keil
1644 2326 1662 2360 7
1709 2328 1861 2360 scholam
1884 2328 1969 2359 Iseil

505 2421 632 2452 scolam
659 2433 686 2453 ω
792 2420 814 2455 9
840 2416 931 2460 ἐντὸς
956 2418 1031 2464 ὅρου
1058 2423 1139 2454 Keil
1161 2433 1253 2461 εκτος
1278 2433 1353 2464 ορου
1380 2433 1407 2454 ω
1515 2417 1703 2466 11”τειχως
1727 2424 1772 2454 Η
1791 2395 1901 2467 ττῗχως
1924 2423 1973 2454 M

506 2478 551 2512 12
593 2482 864 2523 γυςτηβασιλικης
894 2493 922 2513 ω
955 2493 1042 2513 corr.
1069 2482 1151 2514 Keil
1292 2480 1337 2514 13
1379 2480 1603 2524 πατροκτόνου
1629 2483 1711 2513 Keil
1741 2493 1911 2524 προσκοπη
1937 2493 1965 2514 ω

507 2541 563 2572 δια
587 2552 626 2582 τη
653 2551 727 2582 οργε
752 2552 780 2572 ω
806 2552 893 2572 corr.
912 2542 994 2573 Keil
1087 2539 1133 2574 18
1158 2542 1216 2574 τοῦ
1240 2538 1408 2583 Τιβέρεως
1434 2542 1516 2573 Kcil
1537 2553 1596 2583 την
1622 2542 1762 2584 τυβερην
1786 2542 1886 2573 ΗΜ
1904 2553 1965 2573 om.

509 2596 557 2641 S}
579 2609 684 2640 usque
709 2610 799 2631 mare
824 2601 922 2632 HM
1036 2599 1081 2633 19
1123 2610 1219 2632 casus
1244 2605 1321 2631 sunt
1346 2612 1407 2631 om.
1435 2601 1462 2632 S
1488 2599 1492 2643 1
1516 2601 1572 2634 διὰ
1597 2598 1654 2634 τὸν
1680 2599 1823 2643 πόλεμον
1847 2601 1967 2643 Hagen

509 2655 555 2689 20
571 2659 712 2696 παιαδος
729 2660 755 2689 S
768 2660 899 2692 παιδιου
918 2661 1017 2691 ΗΜ
1107 2658 1150 2692 21
1178 2660 1213 2690 in
1233 2660 1438 2701 parricidam
1460 2671 1520 2691 om.
1539 2661 1584 2691 H
1599 2660 1789 2692 communis
1806 2660 1841 2691 in
1859 2661 1967 2702 parci·

511 2717 587 2747 dam
622 2718 648 2748 S
678 2715 725 2760 [in
760 2719 929 2759 parridam
963 2720 1051 2752 κατὰ
1076 2717 1314 2761 πατροκτόνου]
1347 2720 1429 2750 Keil
1450 2720 1494 2760 cf.
1525 2720 1649 2751 Comin.
1677 2727 1723 2762 97
1843 2716 1888 2751 23
1929 2721 1968 2767 τῇ

512 2774 610 2823 στέγῃ
638 2777 720 2808 Keil
741 2782 844 2819 τῆστῆ
871 2779 897 2809 S
918 2782 1021 2820 τῆστη
1048 2776 1185 2820 (rasura
1210 2783 1315 2820 supra
1339 2777 1372 2820 η)
1400 2779 1446 2809 M
1471 2789 1574 2821 τηστη
1600 2780 1644 2810 Η
