2164 3471
228 418 261 449 p.
289 407 369 449 387·
397 407 464 447 388
492 407 536 439 K.

494 503 589 550 DE
627 501 1068 551 COMMVNIBVS
1105 503 1426 552 SYLLABIS

346 621 449 663 XII.
513 620 766 663 Communes
798 621 999 675 syllabae
1030 621 1142 664 fiunt
1169 622 1306 665 modis
1327 622 1443 666 IIII:
1476 623 1626 678 primo,
1658 623 1695 666 si

227 695 433 746 correpta
463 692 629 735 vocalis
662 692 908 745 excipiatur
941 705 968 735 a
1000 693 1169 736 duabus
1203 694 1556 749 consonantibus,
1590 707 1694 748 qua-

225 776 321 807 rum
362 763 487 817 prior
528 764 588 807 sit
630 766 775 819 muta,
817 777 1002 817 sequens
1043 764 1222 817 liquida.
1290 765 1438 808 brevis
1477 766 1590 809 enim
1629 769 1696 809 est

179 843 200 879 5
225 835 272 878 in
302 835 397 891 hoc,

428 909 534 949 tune
570 905 908 961 Clytaemestrae
938 907 1125 962 foedasti
1156 906 1323 950 viscera
1353 907 1504 962 ferro;

225 978 360 1033 longa
391 981 537 1021 autem
568 978 614 1021 in
646 980 741 1034 hoc,

423 1049 614 1105 Cyclops,
645 1050 871 1093 Aetnaeus
905 1050 1055 1103 cultor,
1086 1050 1322 1104 Neptunia
1346 1051 1506 1105 proles.

226 1124 277 1164 at
317 1121 356 1165 si
398 1123 512 1165 duae
544 1126 833 1165 consonantes
864 1122 912 1165 in
945 1124 1052 1166 duas
1085 1122 1282 1177 syllabas
1314 1123 1482 1166 fuerint
1515 1124 1694 1179 divisae,
1747 1132 1764 1145 ἢ

157 1200 202 1235 10
227 1205 314 1237 non
343 1192 396 1236 fit
417 1193 662 1249 communis,
686 1194 700 1247 ΙΙ
723 1195 799 1237 sed
819 1194 1034 1248 positione
1055 1195 1198 1248 longa,
1229 1198 1280 1237 ut
1301 1207 1434 1248 supra
1455 1195 1695 1249 retulimus,

221 1264 312 1307 ‘hoc
356 1267 452 1307 erat
492 1264 610 1307 alma
644 1269 851 1318 parens&
891 1278 971 1308 nec
1013 1266 1050 1309 si
1091 1266 1365 1309 semivocalis
1402 1266 1448 1309 in
1481 1267 1695 1309 unitatem

227 1349 323 1393 cum
355 1336 524 1389 liquida
555 1337 719 1392 veniat,
752 1340 803 1380 ut
833 1350 937 1381 sors.
981 1337 1122 1381 altero
1154 1338 1276 1381 modo
1309 1337 1418 1380 fiunt
1440 1350 1694 1393 communes,

227 1421 324 1452 cum
365 1408 533 1453 vocalis
563 1409 779 1462 producta
817 1409 1035 1463 excipitur
1067 1422 1094 1452 a
1125 1409 1286 1453 vocali:
1336 1409 1484 1453 brevis
1516 1410 1600 1464 sic,
1639 1413 1696 1451 ‘te

232 1479 435 1534 Corydon
467 1493 488 1521 ο
519 1479 685 1534 Alexin
716 1480 849 1534 longa
880 1493 984 1524 vero
1016 1481 1097 1534 sic,
1124 1479 1246 1523 ‘Inoo
1279 1480 1555 1523 Melicertae'.
1616 1494 1693 1524 na-

154 1558 199 1593 15
225 1554 329 1595 tura
372 1551 486 1595 enim
516 1552 650 1606 longa
682 1556 749 1595 est
780 1564 803 1594 o
835 1552 1010 1607 littera,
1055 1565 1166 1605 quae
1198 1565 1330 1606 supra
1361 1565 1439 1606 pro
1471 1552 1596 1596 brevi
1626 1565 1693 1596 re-

225 1623 400 1677 cipitur.
463 1623 596 1666 tertio
639 1624 785 1678 modo,
830 1624 905 1666 ubi
946 1624 1095 1667 brevis
1131 1624 1306 1678 syllaba
1336 1624 1491 1667 finiens
1522 1629 1694 1678 partem
1744 1635 1762 1663 Γ

225 1695 438 1738 orationis
481 1707 509 1737 a
549 1694 694 1738 vocali
735 1695 1025 1749 <excipitur>:
1069 1698 1137 1738 est
1168 1696 1280 1738 enim
1312 1696 1469 1749 <longa
1498 1695 1545 1738 in
1575 1696 1693 1750 hoc>,

411 1765 493 1818 hie,
526 1765 602 1818 ait,
636 1769 676 1808 et
705 1766 870 1809 ‘nostris
900 1766 1123 1809 inluserat
1153 1767 1323 1809 advena
1354 1766 1514 1822 remis,

225 1839 377 1883 brevis
407 1839 453 1881 in
484 1839 579 1893 hoc,

154 1915 202 1952 20
354 1908 450 1952 itur
479 1909 532 1952 in
565 1908 797 1963 antiquam
828 1909 995 1965 silvam,
1027 1910 1201 1952 stabula
1233 1910 1325 1953 alta
1354 1910 1568 1965 ferarum.

227 1984 386 2035 quarto
427 1982 574 2035 modo,
618 1981 655 2024 si
692 1981 864 2024 desinat
893 1982 940 2024 in
973 1985 1279 2025 consonantem
1312 1985 1357 2024 et
1389 1982 1636 2036 excipiatur
1667 1994 1694 2023 a

226 2053 382 2096 littera
413 2053 443 2096 h
476 2051 605 2109 [aut]:
638 2056 707 2095 est
739 2053 852 2096 em'm
883 2054 1032 2097 brevis
1063 2053 1137 2108 sic,

318 2123 389 2167 hic
419 2124 502 2176 vir,
533 2123 604 2167 hic
636 2127 707 2178 est,
740 2123 821 2166 tibi.
854 2138 978 2177 quem
1004 2124 1209 2178 promitti
1240 2124 1416 2179 saepias
1448 2123 1608 2176 audisy·

347 2282 421 2312 XII.
475 2281 575 2313 Char.
603 2291 657 2321 13,
686 2289 837 2321 17—14,
866 2291 888 2324 9
913 2282 956 2322 cf.
988 2282 1111 2313 Comin.
1141 2282 1241 2324 Sosq.

347 2411 392 2445 11
443 2413 532 2455 Verg.
559 2414 641 2445 Aen.
668 2413 713 2444 II
733 2412 803 2452 664
953 2410 999 2444 14
1048 2413 1138 2455 Verg.
1164 2413 1281 2444 Bucol.
1308 2423 1340 2449 2,
1369 2411 1415 2451 65
1442 2412 1554 2454 Georg.
1581 2412 1605 2442 I
1623 2419 1694 2451 437

227 2470 275 2506 18
300 2473 391 2515 Vcrg.
418 2474 499 2504 Aen.
525 2473 664 2515 IV591
761 2470 807 2505 20
833 2473 922 2515 Verg.
947 2474 1028 2504 Aen.
1055 2473 1104 2503 Vl
1124 2480 1193 2514 179
1290 2470 1335 2504 23
1361 2472 1546 2514 VergAen.
1569 2471 1695 2513 VI79J

351 2602 372 2635 3
407 2603 540 2635 duobus
565 2605 610 2635 H
634 2602 638 2647 Ι
669 2614 811 2645 quorum
838 2604 973 2645 quidem
1000 2604 1092 2645 prior
1117 2604 1160 2634 H
1276 2602 1321 2635 10
1359 2603 1418 2635 fiet
1446 2603 1545 2634 Clzar.
1570 2599 1574 2645 Ι
1596 2611 1696 2643 supra

228 2664 274 2705 cf.
304 2663 429 2695 Comin.
457 2663 502 2695 81
640 2662 685 2695 11
724 2673 822 2704 pares
848 2663 875 2694 S
1009 2661 1055 2695 14
1092 2664 1175 2694 Inoo
1202 2660 1409 2705 Melicertae]
1444 2662 1646 2694 Omelicerte
1672 2661 1698 2692 S

228 2721 273 2756 17
318 2722 484 2764 excipitur
523 2734 538 2754 e
578 2723 678 2755 Char.
717 2724 793 2754 add.
831 2723 916 2754 Keil
949 2720 953 2765 Ι
992 2723 1097 2764 longa
1134 2723 1168 2753 in
1207 2723 1272 2753 hoc
1309 2733 1324 2754 e
1365 2723 1464 2754 Clzar.
1503 2722 1579 2753 add.
1617 2721 1700 2752 Keil

229 2781 277 2815 20
301 2781 380 2825 itur]
406 2783 487 2814 item
513 2783 540 2814 S
633 2780 678 2814 22
705 2787 761 2814 aut
786 2784 858 2816 secl.
884 2784 968 2814 Ᾰέἰί
