2148 3407
498 280 553 320 64

499 405 730 438 p.411.412
760 397 803 427 K.

615 466 731 507 XLI.
792 465 958 518 Figura
988 465 1033 506 in
1066 464 1298 517 adverbiiS,
1329 464 1442 506 sicut
1472 465 1516 506 in
1539 465 1733 506 omnibus
1754 463 1954 516 partibus

498 536 727 590 orationis,
760 540 837 578 aut
869 535 1051 587 simplex
1083 540 1217 589 sest),
1250 539 1300 577 ut
1330 535 1464 588 iuste,
1497 540 1574 577 aut
1606 535 1863 589 composita,
1905 538 1956 577 ut

497 607 668 650 iniuste.
731 606 1095 660 comparationem
1126 606 1343 659 recipiunt
1375 606 1604 660 adverbia,
1649 606 1848 658 quotiens
1879 617 1954 659 ap-

498 678 755 731 pellationes
786 679 899 720 unde
930 680 1164 720 transeunt
1194 681 1518 730 comparantur,
1550 681 1600 719 ut
1631 678 1756 720 docte
1787 676 1956 720 doctius
2023 712 2027 715 .

427 784 435 793 ,
499 749 754 802 doctissime,
787 750 902 801 quod
933 752 1001 791 est
1033 750 1184 791 doctus
1217 749 1384 791 doctior
1405 748 1688 790 doctissimus.
1740 747 1956 800 recipiunt
2005 763 2025 796 5

499 825 544 863 et
574 820 918 873 deminutionem,
952 823 1002 862 ut
1033 819 1295 862 meliuscule.
1357 819 1577 862 adverbiis
1608 819 1804 862 omnibus
1830 829 1954 872 prae·

498 892 654 944 positio
687 891 923 945 separatim
956 891 1133 945 adiungi
1164 903 1249 934 non
1283 891 1422 933 debet.

616 1033 757 1075 XLII.
818 1032 973 1075 Omnia
1005 1033 1217 1076 adverbia
1248 1045 1360 1085 quae
1384 1032 1495 1075 fiunt
1516 1045 1570 1075 ex
1591 1030 1957 1085 appellationibus

500 1118 526 1147 a
557 1106 769 1147 secundae
810 1104 1057 1156 tertiaeque
1100 1104 1403 1146 declinationis
1443 1103 1688 1146 nominibus
1717 1105 1957 1155 sumuntur,

500 1180 548 1218 ut
580 1188 606 1218 a
637 1176 780 1228 lepido
811 1175 954 1228 lepide
986 1179 1031 1217 et
1063 1188 1089 1217 a
1119 1175 1245 1218 suavi
1276 1175 1485 1218 suaviter.
1547 1174 1758 1218 adverbia
1788 1172 1955 1217 inveni-
1984 1187 2028 1222 10

500 1250 631 1290 untur
662 1259 740 1299 per
773 1259 796 1289 e
826 1247 1102 1300 productam,
1144 1247 1219 1289 ubi
1250 1246 1481 1300 genetivus
1512 1245 1557 1288 in
1589 1246 1605 1287 i
1635 1245 1817 1298 desinit3
1862 1257 1958 1287 cum

500 1329 602 1361 vero
635 1331 713 1371 per
743 1318 780 1359 is
813 1318 1009 1371 effertur,
1044 1322 1149 1360 tunc
1180 1317 1311 1360 etiam
1343 1330 1422 1370 per
1452 1321 1532 1371 ter,
1564 1321 1615 1359 ut
1644 1317 1779 1359 mirus
1809 1315 1959 1366 <mii-i>

500 1390 626 1443 mire,
669 1389 908 1441 <prudens>
950 1389 1176 1441 prudentis
1213 1389 1461 1442 prudenter.
1524 1388 1803 1441 excipiuntur
1835 1399 1862 1430 a
1892 1399 1957 1430 se-

501 1462 637 1503 cundo
680 1461 830 1503 ordine
871 1460 1000 1514 haec,
1044 1472 1154 1512 quae
1194 1472 1280 1502 non
1311 1464 1493 1503 servant
1523 1459 1723 1513 formam,
1754 1459 1830 1501 sed
1860 1469 1958 1500 con-

500 1532 689 1574 fundunt
719 1531 953 1585 rationem,
996 1532 1133 1574 bonus
1165 1535 1210 1573 et
1240 1531 1379 1573 malus
1410 1543 1488 1584 per
1520 1543 1543 1573 e
1574 1534 1818 1583 correptam
1848 1529 1959 1572 bene
1987 1544 2029 1577 15

501 1608 546 1645 et
575 1603 710 1656 male3
741 1602 846 1645 item
879 1615 905 1644 a
936 1603 1069 1644 tertio
1103 1602 1251 1645 ordine
1282 1602 1425 1645 facilis
1456 1602 1557 1645 vilis
1577 1601 1765 1655 impunis
1785 1612 1958 1654 repens;

503 1676 608 1716 haec
645 1674 757 1716 enim
790 1673 921 1716 facile
952 1673 1040 1717 vile
1071 1674 1244 1726 impune
1276 1677 1455 1727 repente
1485 1673 1665 1716 faciunt.
1727 1669 1957 1730 [sequitur]

501 1745 642 1788 solent
673 1745 808 1797 aliqui
841 1757 1069 1799 quaerere,
1103 1749 1222 1787 certe
1254 1758 1309 1787 an
1342 1749 1478 1799 certo,
1512 1745 1623 1797 quod
1654 1744 1764 1786 nihil
1793 1742 1960 1786 referre

502 1817 712 1859 existimo.
776 1816 935 1858 etenim
966 1817 1081 1858 ratio
1115 1817 1255 1870 exigit
1287 1821 1416 1870 certe,
1449 1815 1662 1859 vocalitas
1693 1827 1797 1858 vero
1819 1816 1958 1866 cert03

503 1888 610 1930 illud
650 1887 788 1941 igitur
820 1887 905 1930 erit
936 1888 1141 1941 rationis,
1183 1888 1265 1930 hoc
1296 1887 1558 1930 vocalitatis.
1619 1887 1729 1929 illud
1759 1897 1863 1929 vero
1896 1889 1964 1928 est
1988 1899 2034 1933 20

503 1959 728 2012 vitiosum,
768 1960 880 2011 quod
911 1959 1038 2001 multi
1069 1959 1238 2013 dicunt,
1270 1959 1458 2013 largiter
1489 1958 1678 2011 duriter,
1710 1957 1962 2012 ignorantes

503 2029 714 2072 rationem
747 2033 792 2071 et
823 2030 1014 2072 nitentes
1047 2030 1322 2084 auctoritate,
1355 2043 1450 2073 cum
1483 2035 1527 2072 et
1558 2029 1624 2072 illi
1646 2033 1856 2082 auctores,
1888 2027 1962 2080 qui

504 2101 634 2143 semel
665 2100 851 2154 largiter
883 2113 933 2143 ac
965 2101 1133 2143 duriter
1165 2101 1389 2155 dixerunt,
1421 2101 1593 2154 saepius
1623 2100 1748 2154 large
1780 2102 1826 2142 et
1856 2100 1962 2142 dure

505 2172 707 2214 dixerint.
769 2172 844 2214 sed
887 2184 965 2214 nec
1006 2173 1086 2214 hoc
1128 2176 1173 2214 te
1210 2173 1391 2222 <debet>
1427 2172 1681 2226 praeterire,
1702 2172 1718 2224 ΙΙ
1741 2172 1963 2235 quod-nec

624 2338 644 2370 2
680 2344 730 2370 est
755 2350 769 2370 e
799 2339 896 2370 Char.
925 2340 998 2369 add.
1027 2338 1129 2380 Keil!
1154 2339 1376 2380 compositum
1403 2340 1428 2370 S
1451 2340 1628 2381 conposita
1658 2340 1757 2370 Char.
1856 2337 1878 2370 3
1904 2349 1962 2380 ap-

506 2399 683 2439 pellationi
711 2400 735 2429 S
757 2398 1003 2439 appellationes
1032 2399 1130 2429 Char.
1241 2397 1262 2430 5
1289 2399 1380 2439 quod
1408 2399 1433 2429 S
1455 2399 1533 2439 quia
1562 2399 1661 2430 Char.
1772 2397 1794 2430 6
1819 2397 1963 2429 diminu-

507 2458 632 2488 tionem
660 2459 685 2488 S
804 2456 821 2489 ‘a'
866 2457 1006 2497 adiungi
1035 2459 1060 2488 S
1082 2458 1169 2489 adici
1200 2458 1298 2489 Char.
1421 2457 1460 2489 ll
1508 2458 1681 2497 genetivus
1707 2459 1789 2489 Keil
1810 2467 1915 2498 genus
1941 2458 1966 2488 S

507 2515 552 2547 12
579 2517 666 2555 miri,
694 2517 839 2557 prudens
866 2517 942 2547 add.
971 2517 1052 2548 lx'ct'l
1145 2515 1187 2548 17
1216 2518 1365 2558 sequitur
1389 2518 1460 2548 secl.
1480 2518 1560 2548 Keil
1581 2517 1718 2558 sequius
1740 2518 1794 2548 vel
1814 2516 1962 2557 sequiter

508 2577 625 2614 [layca
723 2574 768 2607 19
795 2586 875 2606 vero
902 2577 983 2606 lx'cil
1006 2578 1065 2606 uro
1093 2577 1118 2607 S
1140 2576 1300 2607 uitiorum
1328 2578 1353 2607 S
1375 2588 1461 2607 sorr.
1489 2577 1569 2608 Keil
1662 2574 1707 2608 22
1734 2575 1921 2606 auctoritati
1940 2576 1966 2606 S

508 2646 593 2664 corr.
622 2635 702 2665 Keil
832 2633 877 2666 24
919 2635 1018 2665 debet
1044 2636 1118 2666 odd.
1147 2635 1250 2677 Keil]
1274 2637 1365 2676 quod
1392 2636 1540 2667 difficilis
1566 2645 1767 2677 quamquam
1793 2635 1838 2666 sit
1862 2640 1961 2676 coms)

509 2703 569 2724 nec
604 2693 715 2724 facilis
747 2694 885 2724 forsitan
913 2704 972 2725 nec
1000 2694 1153 2725 difficilis
1180 2695 1310 2725 ratione
1336 2695 1485 2736 sequitur
1510 2695 1568 2726 sed
1598 2700 1774 2735 utrumque
1804 2694 1962 2724 diffundit

510 2753 535 2781 S
557 2763 642 2783 corr.
674 2754 751 2782 lxi-i!
