2164 3471
193 460 226 491 p·
255 456 333 490 377-
362 447 428 488 378
456 448 500 480 K-

195 522 350 562 acutus
391 518 543 572 gravis
585 518 885 561 circumflexus
922 547 945 571 -.-
982 519 1137 574 longus
1173 547 1195 554 ψ
1231 520 1392 563 brevis.
1462 520 1509 562 in
1547 519 1659 563 omni
1685 535 1706 569 2

193 593 321 645 parte
351 590 520 633 latinae
552 590 773 644 orationiS,
804 591 911 633 item
943 594 993 633 ut
1023 604 1230 646 graecae,
1263 595 1342 634 aut
1374 595 1549 634 acutum
1583 596 1661 634 aut

192 661 513 705 circumflexum
546 665 772 705 accentum
804 662 906 716 poni
927 675 1102 706 necesse
1125 666 1202 717 est,
1224 676 1303 706 1166
1325 662 1509 716 amplius
1532 675 1660 715 quam

193 746 325 777 unum
357 734 430 777 vel
460 734 576 776 huno
606 734 679 776 vel
701 734 835 776 illum.
886 746 986 776 nam
1014 735 1165 788 gravis
1185 735 1363 788 ponitur
1383 734 1430 776 in
1450 734 1659 788 pluribus.

144 822 164 856 5
192 808 346 848 acutus
390 817 485 847 oum
527 806 644 858 apud
675 805 867 849 Graecos
908 806 997 848 tria
1037 806 1134 849 loca
1170 809 1343 860 teneat,
1385 806 1584 849 ultimam
1616 810 1662 848 et
1687 822 1707 856 3

191 876 507 931 paenultimam
549 881 595 919 et
626 877 666 920 ei
697 877 937 931 proximam
969 878 1205 932 syllabam,
1238 879 1352 931 apud
1384 889 1462 920 nos
1494 878 1660 921 duobus

193 951 367 991 tantum
397 948 503 991 10615
534 949 636 1002 poni
666 952 831 1003 potest,
876 949 922 991 111
953 949 1245 1002 paenultima,
1284 952 1334 992 ut
1364 949 1657 1005 praelegistis,

192 1024 271 1063 aut
311 1020 357 1063 in
389 1021 478 1075 6311
502 1033 615 1073 quae
647 1034 674 1063 a
704 1020 788 1063 fine
830 1021 889 1064 sit
926 1021 1086 1075 tertia,
1129 1024 1179 1064 ut
1211 1021 1513 1076 praelegimus.
1576 1022 1657 1064 cir·
1683 1036 1707 1070 4

193 1091 440 1147 cumflexus,
472 1092 510 1135 si
539 1104 643 1146 pars
677 1093 886 1136 orationis
918 1093 1050 1135 trium
1083 1096 1161 1136 aut
1193 1093 1378 1146 amplius
1409 1093 1546 1136 fuerit
1571 1093 1658 1148 syl-

123 1180 167 1214 10
193 1164 415 1218 labarum,
463 1176 549 1207 non
596 1164 774 1218 ponitur
822 1164 907 1207 nisi
955 1164 1271 1218 paenultimum
1313 1165 1454 1208 locum
1495 1165 1660 1219 poterit

191 1235 402 1290 invenire,
434 1239 485 1278 nt
515 1237 710 1279 turbare.
771 1236 1083 1290 monosyllaba,
1117 1249 1413 1289 quaecumque
1443 1237 1660 1290 positione
1686 1251 1706 1285 5

191 1307 324 1361 longa
355 1306 542 1362 fuerint,
575 1311 751 1351 acutum
782 1308 1009 1350 habebunt
1041 1311 1286 1363 accentum,
1318 1313 1368 1350 ut
1399 1309 1484 1361 pix.
1548 1321 1660 1361 quae

190 1382 353 1422 natura
382 1379 516 1433 longa
547 1382 693 1432 erunt,
727 1379 999 1422 circumflexo
1032 1387 1215 1422 accentu
1246 1380 1659 1435 pronuntiabuntur,

190 1454 242 1493 ut
272 1453 356 1496 res.
419 1450 465 1493 in
498 1450 737 1505 disyllabiS,
769 1451 808 1494 si
838 1451 958 1504 prior
978 1454 1140 1493 natura
1162 1451 1294 1505 longa
1315 1452 1401 1494 erit
1421 1452 1659 1505 posteriore
1687 1466 1707 1499 6

123 1538 165 1572 15
193 1526 407 1577 correpta,
439 1522 559 1576 prior
587 1522 963 1576 circumflectetur,
995 1526 1045 1565 ut
1066 1523 1175 1565 hora
1196 1523 1355 1576 Roma3
1387 1523 1425 1566 si
1445 1524 1661 1577 posterior

192 1595 409 1647 producta
446 1594 528 1649 sit,
560 1594 700 1648 prior,
732 1607 809 1637 seu
840 1594 971 1648 longa
1002 1606 1081 1637 seu
1112 1595 1261 1638 brevis
1292 1594 1439 1651 fuerit,
1475 1600 1660 1638 acuatur

191 1679 368 1709 necesse
419 1669 506 1719 est,
554 1669 605 1708 ut
646 1666 765 1720 leges
807 1666 946 1719 salus3
996 1669 1040 1708 et
1081 1666 1119 1708 si
1163 1667 1317 1709 ambae
1357 1667 1514 1710 breves
1557 1667 1658 1721 sint,

192 1741 376 1781 acuetur
422 1738 562 1791 prior,
612 1741 662 1780 ut
709 1738 815 1780 deus
861 1738 998 1780 homo.
1069 1737 1113 1780 111
1160 1738 1407 1792 trisyllabis
1448 1739 1657 1792 tetrasyl-
1688 1753 1706 1787 7

190 1809 364 1853 labisve
396 1812 474 1852 aut
506 1822 617 1862 quae
648 1809 794 1863 plures
827 1810 1021 1865 syllabas
1052 1811 1289 1864 habebunt,
1321 1810 1359 1853 si
1389 1811 1660 1863 paenultima

119 1896 165 1930 20
191 1881 339 1925 brevis
381 1881 539 1936 fuerit,
582 1894 693 1934 quae
735 1894 830 1924 eam
872 1882 1097 1935 praecedit
1133 1886 1340 1937 acuetur,
1383 1886 1459 1932 <ut
1491 1882 1660 1925 Tullius

194 1953 499 2007 Hortensius>3
549 1953 586 1996 si
626 1954 896 2006 paenultima
937 1954 1153 2007 positione
1194 1953 1325 2008 longa
1367 1954 1523 2008 fuerit,
1564 1954 1661 2007 ipsa
1687 1966 1708 2002 8

310 2227 331 2262 1
364 2234 501 2261 accutus
525 2226 574 2271 81
596 2241 620 2267 τ
645 2234 675 2260 et
698 2240 720 2247 ·‘
745 2240 807 2260 om.
833 2230 878 2260 H
1008 2227 1029 2261 2
1066 2229 1231 2260 orationis
1257 2230 1382 2261 latinae
1409 2230 1435 2261 S
1461 2228 1465 2271 1
1496 2228 1587 2272 item]
1615 2230 1658 2261 si-

191 2289 316 2321 militer
341 2290 387 2321 H
509 2287 531 2321 3
559 2288 788 2320 circumflexus
814 2290 858 2320 H
980 2287 1002 2322 4
1029 2294 1086 2320 aut
1111 2289 1200 2320 hunc
1226 2290 1271 2320 H
1391 2288 1412 2322 5
1438 2295 1574 2320 accutus
1600 2290 1626 2321 S
1653 2297 1655 2330 ,³

191 2354 224 2381 et
258 2349 503 2391 peneultimum
536 2349 562 2380 S
657 2346 678 2381 6
704 2349 1024 2390 antepeneultimam
1049 2350 1094 2380 H
1114 2349 1270 2380 ultimum
1296 2349 1540 2391 paenultimum
1566 2354 1659 2380 ante-

189 2409 438 2451 paenultimum
464 2409 578 2441 Diem.
602 2407 606 2451 1
629 2408 796 2451 syllabam
822 2420 884 2440 om.
911 2409 938 2440 S
958 2410 1073 2441 Dione.
1180 2408 1197 2441 7
1225 2415 1339 2450 potem
1357 2407 1422 2452 Η1
1445 2409 1660 2450 praelegistis

188 2469 269 2501 HS
298 2469 495 2511 praelegisti
528 2469 623 2506 Keil,
658 2469 719 2510 qui
749 2469 869 2510 ubique
902 2475 1051 2500 accentus
1081 2475 1175 2500 notas
1209 2470 1284 2500 add.
1320 2479 1385 2510 que
1419 2469 1518 2500 tertia
1548 2479 1568 2499 a
1593 2468 1660 2499 fine

189 2533 238 2560 est
264 2529 309 2560 H
401 2526 447 2561 12
473 2529 573 2560 fuerit
599 2533 754 2560 accutum
782 2528 806 2559 S
828 2533 968 2560 acentus
993 2527 1058 2570 Η1
1081 2533 1117 2560 111
1141 2529 1200 2570 pix
1226 2540 1287 2560 om.
1314 2529 1358 2559 H
1379 2539 1464 2570 quae
1490 2534 1599 2560 autem
1622 2528 1666 2559 H

187 2587 235 2621 13
261 2589 325 2620 erit
349 2589 423 2620 HS
446 2600 533 2620 corr.
561 2589 643 2621 Keil
736 2585 782 2620 14
807 2592 844 2619 ut
868 2598 919 2619 res
946 2600 1008 2620 om.
1035 2587 1099 2631 Η1
1123 2588 1309 2620 dissillabis
1335 2589 1379 2619 Η
1472 2586 1517 2621 15
1544 2598 1603 2619 ora
1621 2587 1666 2618 H

188 2649 278 2680 hora
304 2649 416 2680 Roma
441 2660 503 2680 om.
531 2649 557 2680 S
675 2646 722 2680 16
747 2648 798 2680 br.
826 2647 867 2679 sit
893 2649 937 2679 H
1045 2647 1088 2681 17
1118 2653 1167 2680 est
1191 2653 1227 2680 ut
1256 2660 1318 2680 om.
1346 2647 1394 2691 S}
1417 2648 1507 2680 salus
1532 2659 1594 2679 om.
1620 2647 1665 2678 H

187 2708 275 2740 sal‘u
301 2709 328 2740 S
422 2706 469 2741 18
494 2713 530 2740 ut
556 2719 618 2740 om.
647 2705 695 2751 51
717 2708 824 2739 homo
851 2719 913 2739 om.
940 2707 1005 2750 Η1
1028 2708 1221 2740 trissillabis
1246 2709 1291 2740 H
1317 2712 1374 2739 aut
1400 2708 1542 2739 tetrasifl
1559 2708 1604 2739 H
1623 2707 1659 2738 in

187 2768 377 2810 trisyllabis
403 2773 516 2800 autem
542 2772 574 2799 et
601 2767 828 2810 tetrasyllabis
854 2768 968 2800 Diem.
1079 2767 1124 2801 19
1163 2769 1290 2799 habent
1314 2768 1359 2799 H
1375 2767 1379 2809 1
1402 2768 1609 2810 peneultitna
1635 2767 1662 2798 S

188 2826 235 2861 20
260 2832 297 2859 ut
321 2828 457 2860 Tullius
482 2828 686 2860 Hortensius
713 2829 788 2860 add.
816 2828 900 2859 Keil
