2148 3407
456 323 503 352 VI

455 427 591 471 Catal.
633 426 830 470 biblioth.
862 430 951 469 ant.
986 428 1063 481 32,
1095 427 1194 469 414.
1257 425 1342 469 Sed
1372 425 1500 468 huius
1533 425 1792 479 exemplaris
1824 426 1914 469 alia

454 499 594 541 adhuc
644 498 765 541 nulla
817 500 996 540 exstant
1041 496 1242 551 vestigia.
1319 496 1564 539 Nonnullae
1612 501 1757 540 autem
1803 496 1914 540 artis

454 568 654 612 Dosithei
683 568 928 622 particulae
958 568 1046 610 iam
1078 572 1181 610 ante
1212 567 1402 610 Keilium
1433 567 1597 620 publici
1628 567 1735 610 iuris
1766 567 1915 611 factae

454 643 565 683 sunt.
637 639 791 682 Edidit
832 639 945 681 enim
987 651 1100 681 anno
1144 639 1257 680 1862
1302 638 1562 680 Franciscus
1605 637 1763 681 Oehler
1804 639 1913 682 Mus.

453 712 572 754 rhen.
610 711 694 754 vol.
731 710 866 753 XVII
897 722 937 763 p.
961 710 1134 751 58—65
1178 721 1281 752 usus
1312 708 1609 763 Sangallensis
1651 710 1914 763 apographo,

453 782 566 834 quod
596 781 792 824 Niebuhr
824 781 924 823 olim
957 780 1217 834 confecerat,
1249 780 1418 834 graecis
1451 779 1617 822 omissis
1649 792 1682 822 c.
1711 779 1838 822 1—x
1870 783 1914 823 et

454 865 565 896 anno
607 854 719 895 1869
762 852 1039 894 Hermannus
1080 852 1270 905 Usener,
1313 850 1388 903 qui
1428 851 1522 904 ipse
1563 851 1685 893 illum
1727 851 1915 894 codicem

455 924 636 978 adierat,
669 926 802 976 caput
834 922 1248 976 quinquagesimum.

570 995 637 1037 De
684 997 781 1037 tota
827 1006 931 1037 vero
973 993 1271 1047 Sangallensis
1318 996 1467 1047 parte,
1515 1005 1626 1045 quae
1673 993 1729 1034 ad
1775 995 1915 1035 artem

454 1065 654 1108 Dosithei
675 1065 880 1119 pertinet,
913 1077 1041 1117 quam
1063 1064 1156 1117 ipse
1179 1064 1481 1118 descripserat,
1512 1063 1651 1107 fusius
1673 1063 1917 1117 disputavit

454 1136 670 1179 Henricus
701 1135 803 1178 Keil
844 1136 1030 1188 primum
1072 1148 1184 1178 anno
1219 1136 1356 1189 1871,
1401 1147 1496 1177 cum
1528 1135 1768 1188 principem
1797 1133 1917 1177 illius

453 1207 557 1250 libri
588 1207 820 1250 editionem
848 1207 991 1249 Halae
1023 1206 1245 1249 emitteret
1260 1206 1304 1262 1),
1335 1205 1494 1248 iterum
1526 1218 1638 1248 anno
1663 1206 1789 1259 1880,
1821 1217 1917 1248 cum

454 1278 633 1321 editioni
666 1278 981 1321 teubnerianae
1012 1277 1277 1331 prooemium
1309 1278 1502 1320 adderet.
1554 1275 1675 1331 Quae
1695 1276 1759 1319 ibi
1779 1276 1915 1319 scien-

454 1349 619 1392 tissime
636 1350 846 1404 exposuit,
869 1350 940 1392 hic
955 1352 1155 1402 repetere
1172 1352 1240 1391 est
1256 1361 1639 1402 supervacaneum.
1687 1347 1917 1390 Lectiones

455 1423 602 1463 autem
633 1421 804 1475 codicis,
837 1421 910 1473 qui
942 1420 982 1463 ei
1014 1420 1176 1462 decimo
1209 1419 1381 1462 saeculo
1413 1419 1591 1462 ineunte
1612 1418 1802 1472 scriptus
1823 1430 1916 1461 esse

454 1492 711 1545 Videbatur,
753 1492 819 1534 ita
851 1504 905 1534 ex
935 1491 1023 1534 illis
1055 1490 1317 1533 editionibus
1347 1491 1393 1532 in
1425 1502 1564 1533 meam
1595 1489 1825 1544 transtuli,
1866 1492 1917 1531 ut

456 1575 542 1617 eas,
575 1575 687 1615 quae
717 1562 894 1606 levioris
927 1565 1071 1604 essent
1102 1561 1319 1615 momenti,
1353 1561 1609 1604 omitterem.

574 1634 669 1676 Non
692 1634 841 1676 eadem
865 1646 970 1676 cura
990 1633 1200 1685 reliquias
1221 1645 1500 1676 monacenses
1516 1645 1543 1675 3
1559 1632 1654 1676 viro
1671 1631 1916 1675 doctissimo

456 1707 674 1748 tractatas
705 1717 798 1748 esse
829 1704 955 1747 brevi
985 1704 1198 1758 perspexi,
1231 1716 1326 1746 cum
1357 1704 1545 1747 codicem
1565 1703 1687 1745 illum
1709 1706 1917 1746 consueta

456 1776 744 1819 Bavariorum
781 1775 1053 1818 liberalitate
1084 1776 1129 1818 in
1160 1776 1273 1817 hanc
1305 1775 1455 1818 urbem
1486 1775 1788 1818 transmissum
1820 1773 1917 1816 dili-

454 1850 610 1901 genter
632 1847 936 1889 examinarem.
984 1847 1094 1889 Nam
1116 1859 1212 1889 cum
1232 1846 1325 1899 ipse
1346 1859 1392 1889 se
1414 1859 1488 1889 eas
1509 1849 1680 1889 tantum
1697 1845 1918 1900 lectioneS,

457 1930 569 1971 quae
610 1918 695 1961 sibi
725 1919 1025 1961 memorabiles
1057 1918 1325 1968 viderentur,
1357 1917 1638 1961 adnotavisse
1669 1916 1794 1971 dixit,
1824 1920 1917 1959 tum

456 1989 664 2033 nonnulla
703 1989 766 2032 ibi
798 1990 889 2033 vidi
921 1993 1109 2043 exstare,
1141 2001 1253 2042 quae
1285 2001 1381 2031 eum
1413 1988 1748 2042 praeterierant.
1810 1987 1917 2030 Con-

455 2060 654 2103 tinentur
705 2064 850 2104 autem
896 2061 1194 2112 Monacensis,
1246 2072 1372 2113 quem
1425 2061 1574 2103 eadem
1625 2059 1720 2102 fere
1770 2062 1920 2102 aetate

457 2131 666 2185 scriptum
698 2144 803 2183 esse,
837 2145 922 2185 qua
943 2132 1242 2186 Sangallensis
1273 2133 1407 2175 codex
1429 2131 1616 2184 scriptus
1639 2134 1718 2186 est,
1749 2130 1919 2173 Keilius

456 2202 593 2255 praef.
625 2215 665 2256 p.
698 2204 782 2245 366
827 2203 1087 2257 affirmavit,
1128 2203 1202 2246 fol.
1235 2203 1410 2246 67-82
1453 2202 1536 2245 hae
1578 2201 1690 2245 artis
1719 2200 1919 2252 Dositbei

458 2277 628 2326 partes:

579 2347 615 2389 1.
645 2345 804 2389 XVIII
838 2347 859 2388 1
894 2364 1019 2400 ενικος
1051 2366 1103 2400 ως
1134 2365 1182 2392 το
1215 2345 1403 2401 Smyutr
1424 2350 1475 2388 ut
1504 2371 1562 2377 —-
1593 2345 1796 2390 XXVIII
1818 2347 1843 2388 5
1866 2365 1919 2399 ως

647 2438 695 2465 το
727 2424 895 2480 λεγεται
926 2418 1196 2461 iustissimus
1229 2418 1282 2460 dr·-
1315 2416 1512 2460 omnium

576 2492 616 2535 2.
647 2491 782 2534 XXX
815 2493 837 2533 1
883 2509 1154 2552 αντωνοματα
1186 2488 1457 2544 pronomina
1498 2507 1591 2534 εισιν
1633 2507 1687 2542 ως
1728 2507 1777 2534 το
1814 2491 1921 2531 sunt

648 2565 699 2604 ut
728 2587 786 2592 —
816 2562 1041 2606 XXXVII
1066 2563 1119 2604 10
1153 2561 1256 2604 bene
1288 2560 1408 2615 apud
1429 2559 1700 2603 Sacerdotem
1719 2558 1921 2602 studetur

579 2635 617 2676 3.
649 2633 895 2677 XXXVIII
929 2635 951 2676 7
986 2632 1106 2675 Sunt
1133 2632 1318 2676 nomina
1350 2658 1405 2662 —
1439 2634 1464 2675 8
1499 2651 1518 2678 0
1553 2649 1788 2684 αναισυντος

581 2786 613 2830 1)
640 2789 692 2822 Cf.
712 2789 753 2820 de
771 2790 833 2820 hac
852 2789 1002 2821 editione
1020 2790 1154 2831 Hagen,
1172 2789 1275 2822 Liter.
1295 2788 1479 2820 Centralbl.
1502 2786 1602 2828 1871,
1620 2798 1653 2829 p.
1675 2785 1919 2826 1268—1270.
