2148 3407
409 319 494 349 VHI

408 424 595 478 Georgio
638 423 777 466 Goetz
819 423 1128 477 benignissime
1169 434 1332 465 mecum
1375 423 1711 466 communicatas
1725 424 1760 479 1)
1802 425 1867 467 in-

408 494 608 548 spicienti
639 493 745 536 mihi
777 506 870 536 cum
903 495 1139 537 verendum
1167 496 1291 547 esset,
1323 505 1377 535 ne
1399 505 1463 547 ea,
1494 506 1606 546 quae
1626 494 1701 538 ille
1723 507 1867 539 excer-

408 569 578 619 pserat,
621 577 707 607 non
751 564 1003 608 sufficerent
1043 577 1184 608 novae
1225 564 1407 607 editioni
1448 566 1693 620 parandae,
1734 569 1785 609 ut
1815 567 1867 609 de

408 636 605 679 omnibus
636 635 743 679 locis
775 636 935 679 certior
965 636 1123 690 fierem,
1155 635 1261 678 folia
1290 637 1435 678 9—23
1469 639 1513 678 et
1536 637 1725 691 34—39‚
1756 649 1867 690 quae

408 707 582 759 penitus
623 719 878 760 pernoscere
916 719 1013 750 mea
1053 719 1315 761 magnopere
1355 706 1591 761 intererat,
1634 708 1680 750 in
1719 708 1868 751 Museo

406 778 656 821 britannico
688 779 1032 832 photographice
1062 778 1356 832 depingendas
1389 778 1552 821 curavi.

526 855 683 898 Insunt
714 859 860 898 autem
891 856 936 898 in
958 855 1196 898 Harleiano
1224 856 1333 898 haec
1354 855 1463 897 artis
1484 855 1685 899 Dosithei
1705 855 1867 909 capita:

529 938 620 981 1.1
654 939 675 980 1
719 937 981 981 INCIPIT.
1034 929 1375 980 &REMTJCA
1422 936 1700 980 DOSITHI
1737 942 1869 1000 Τεχνη

598 1027 861 1070 γραμματικη
908 1009 995 1051 Ars
1038 1009 1285 1064 1ᾳνᾶυιαΐιάῑ
1331 1034 1390 1039 ——
1435 1009 1528 1052 ΧΠ
1574 1011 1599 1051 2
1648 1029 1688 1054 εν
1733 1028 1868 1055 τουτο.

599 1079 660 1122 Iu
690 1079 765 1122 hoc
798 1083 903 1122 tune
935 1080 1198 1135 Clytemestre
1229 1080 1390 1134 sedasti
1422 1079 1595 1122 uiscera
1625 1081 1745 1135 ferro

532 1153 570 1195 2.
601 1152 759 1195 XVIII
794 1154 814 1194 I
850 1171 976 1205 ενικος
1000 1188 1008 1197 .
1033 1171 1086 1205 ως
1117 1171 1164 1197 το
1191 1189 1199 1197 .
1223 1151 1400 1206 Si‘nyulr
1430 1155 1482 1193 ut
1520 1176 1580 1182 --
1609 1152 1812 1195 XXVIII
1844 1154 1868 1194 5

603 1242 656 1276 ως
687 1242 735 1268 το
768 1228 937 1284 λεγεται
968 1227 1019 1265 ut
1048 1222 1273 1265 iustissz'm’
1307 1222 1361 1263 ἄν
1393 1222 1545 1264 omniu

530 1296 567 1337 3.
599 1295 732 1338 XXX
767 1297 788 1337 1
823 1299 1106 1356 Αντωνοματα
1137 1293 1413 1336 Pronomiua
1457 1312 1550 1339 εισιν
1593 1314 1645 1348 ως
1685 1313 1734 1340 το
1766 1299 1872 1337 sunt

600 1369 653 1407 ut
681 1391 740 1396 —-
771 1367 996 1409 XXXVII
1029 1368 1053 1409 8
1087 1385 1132 1411 σε
1157 1403 1164 1411 .
1191 1369 1228 1408 te
1252 1402 1260 1411 .
1286 1384 1407 1410 αυτον
1432 1402 1440 1410 .
1463 1364 1592 1407 illum

529 1438 568 1480 4.
599 1437 682 1480 XL
717 1439 738 1479 1
773 1440 975 1498 Σημασιαι
1004 1436 1326 1492 εἰρηὲᾳῖεαΐὶοῖῐε
1357 1461 1415 1466 -
1451 1437 1503 1478 18
1538 1455 1634 1497 μετε
1664 1449 1775 1490 neq,-

531 1510 569 1552 5.
600 1509 756 1552 XLIII
791 1511 811 1551 1
847 1508 965 1551 Sunt
995 1508 1209 1551 aduerbia
1244 1533 1297 1538 ——
1333 1509 1355 1549 7
1389 1513 1553 1560 δικαιως
1575 1539 1584 1550 .
1605 1507 1704 1550 iure

531 1581 569 1623 6.
601 1580 727 1623 XLV
752 1582 773 1622 1
798 1579 1151 1634 Praepositiones
1183 1593 1294 1632 quae
1327 1582 1476 1621 accus&
1505 1576 1586 1622 cas.
1618 1604 1678 1608 —
1709 1580 1734 1622 6
1769 1597 1873 1639 μετα

603 1651 682 1694 Re.
715 1665 921 1694 reuocare

535 1736 572 1777 7.
603 1735 665 1778 LI
687 1736 712 1777 3
730 1738 988 1780 Συνπλετικοι
1005 1734 1281 1787 copulatiuae
1303 1760 1359 1763 —
1380 1736 1430 1776 11
1450 1752 1519 1778 και
1534 1718 1634 1794 ‘voye
1652 1741 1874 1787 quamque}

535 1807 572 1848 8.
604 1806 711 1848 LXI
744 1808 769 1849 3
802 1805 1134 1848 Interieetiones
1164 1830 1223 1835 —
1253 1805 1534 1858 subsequitur
1564 1804 1749 1847 uerbum

533 1878 572 1920 9.
603 1877 799 1920 LXVIII
824 1880 845 1919 1
879 1880 1060 1938 Ευθυμει
1083 1914 1091 1921 .
1114 1876 1238 1918 Bono
1271 1876 1419 1918 auimo
1452 1879 1513 1918 est
1542 1902 1601 1907 —
1634 1877 1688 1918 10
1719 1895 1768 1921 το
1800 1894 1874 1932 της

606 1953 738 2009 φιλιας
768 1953 923 1994 Binum
955 1967 1110 2009 εμιανεν
1135 1985 1143 1993 .
1166 1947 1239 1989 ius
1271 1947 1492 1990 amicitiae
1523 1947 1718 1990 uiolauit

506 2021 572 2062 10.
604 2020 755 2062 LXXI
789 2022 810 2060 1
865 2019 1071 2061 VERBA
1116 2017 1285 2071 QVAE
1311 2017 1489 2060 PASS]
1500 2018 1574 2060 VA
1610 2017 1880 2060 TANTVM

603 2090 1050 2134 EFFERUNTUR
1081 2116 1139 2120 ——
1169 2091 1386 2133 LXXVII
1418 2092 1443 2132 8
1476 2090 1622 2132 dedico
1656 2107 1808 2152 αφοσιω

534 2176 598 2217 Ac
640 2177 866 2218 vetustate
904 2175 1074 2227 quidem
1106 2173 1383 2228 Harleianus,
1417 2186 1542 2226 quem
1573 2172 1876 2230 Krumbacher

414 2258 525 2290 nono
541 2247 613 2290 vel
631 2246 793 2289 decimo
807 2245 981 2289 saeculo
997 2245 1262 2299 adsignavit,
1279 2245 1530 2288 Monacensi
1544 2247 1588 2287 et
1598 2244 1874 2299 Sangallensi

414 2317 602 2361 fortasse
644 2318 904 2360 antecedere
934 2317 1131 2371 videtur,
1163 2316 1362 2359 bonitate
1393 2328 1479 2358 non
1510 2316 1626 2359 item.
1688 2314 1873 2368 Propius

415 2401 512 2431 eum
558 2389 711 2432 abesse
752 2389 808 2431 ab
848 2387 923 2431 illo
967 2400 1095 2440 quam
1137 2388 1193 2430 ab
1235 2388 1315 2429 hoc
1355 2386 1486 2430 facile
1529 2390 1595 2430 est
1635 2385 1873 2429 intellectu.

417 2460 520 2502 Cum
551 2472 656 2503 vero
687 2459 896 2502 lectiones
918 2459 1216 2513 Sangallensis
1249 2462 1293 2501 et
1315 2458 1587 2502 Monacensis
1619 2459 1725 2500 adeo
1756 2457 1873 2500 inter

416 2542 461 2573 se
503 2531 797 2585 consentiant,
839 2534 890 2573 ut
930 2531 1016 2573 iam
1053 2530 1223 2573 Keilius
1266 2542 1352 2573 non
1393 2530 1637 2583 dubitaret,
1680 2528 1784 2582 quin
1826 2528 1872 2570 hi

417 2600 583 2643 codIces
616 2613 669 2644 ex
699 2614 784 2644 uno
817 2602 1055 2655 archetypo
1089 2601 1208 2644 ducti
1239 2605 1400 2655 essent,
1432 2600 1733 2643 Krumbacher
1762 2599 1872 2642 bene

417 2671 642 2725 collegisse
692 2672 979 2727 iudicabitur,
1031 2676 1122 2715 tres
1174 2672 1272 2715 illos
1323 2672 1458 2715 libros
1510 2675 1607 2715 arto
1658 2672 1775 2714 inter
1826 2683 1872 2713 se

538 2778 570 2821 1)
597 2779 648 2812 Cf.
675 2780 917 2813 Wochenschr.
945 2781 967 2812 f.
994 2781 1039 2812 kl.
1067 2780 1188 2812 Philol.
1216 2781 1343 2812 XXVII
1369 2779 1505 2822 (1900),
1541 2790 1573 2821 p.
1601 2787 1729 2820 990sq.
