2148 3407
444 321 499 363 30

446 451 478 482 p.
508 448 586 480 392.
614 446 680 479 393
709 439 752 471 K.

446 508 641 569 [ἀδρανής
672 507 885 569 τεχνίτης],
919 512 961 563 ἐξ
992 511 1278 560 ἀπολείποντος
1309 512 1379 553 καὶ
1409 513 1564 553 τελείου
1689 512 1828 564 ,ἐνίοτε
1859 512 1906 554 ἐκ

445 584 646 636 πλειόνων,
681 586 733 633 ὡς
763 584 811 624 το
846 584 1168 641 ἀκαταμάχητος
1201 583 1525 640 ἀνεκπολέμητος
1557 583 1903 635 ἀνεκῧυσώπητος.

562 865 730 908 XVIII.
790 867 977 925 Ἀριθμοί
1003 867 1096 909 εἰσιν
1117 868 1204 919 δύο,
1238 866 1376 919 ἑνικὸς,
1411 870 1463 917 ὡς
1484 869 1532 909 τὸ
1555 866 1673 918 οὗτος
1695 868 1715 909 ὁ
1738 867 1904 919 Κάτων,

443 940 723 992 πληθυντικὸς,
757 942 810 988 ὡς
839 940 888 980 τὸ
922 937 1039 992 οὗτοι,
1064 939 1100 980 οἱ
1131 939 1336 988 Κάτωνες.
1387 937 1494 980 ἔστιν
1524 940 1571 980 ’δέ
1602 954 1692 980 τινα
1724 938 1907 996 ὀνόματα

444 1012 507 1053 ἀεὶ
536 1011 811 1064 πληθυντικά,
846 1013 898 1060 ὡς
929 1011 977 1051 τὸ
1013 1010 1123 1067 fxij
1152 1011 1288 1067 τείχη·
1327 1012 1418 1051 τινὰ
1447 1011 1518 1052 τὸν
1549 1009 1675 1052 ἑνικὸν
1706 1011 1775 1051 καὶ
1804 1011 1904 1062 πλη-
1957 1019 1977 1053 5

443 1083 628 1124 θυντικὸν
670 1082 839 1139 ἀριθμὸν
880 1087 1019 1131 κοινῶς
1051 1082 1244 1138 σημαίνει,
1280 1084 1332 1131 ὡς
1361 1082 1411 1123 τὸ
1444 1083 1542 1139 ἢμέρ
1575 1082 1772 1140 ναεφέλη·
1816 1083 1906 1122 τινὰ

442 1159 494 1213 τῇ
537 1155 606 1211 μὲν
647 1153 759 1195 θέσει
789 1152 910 1205 ἑνικά,
944 1159 1002 1209 τῷ
1034 1154 1082 1194 δὲ
1113 1159 1164 1208 νῷ
1196 1152 1472 1205 πληθυντικά,
1517 1155 1569 1202 ὡς
1600 1154 1649 1194 τὸ
1679 1154 1810 1210 δῆμος
1841 1153 1905 1194 ἐκ·

441 1227 612 1278 κλησία·
645 1227 735 1266 τινὰ
765 1229 817 1283 τῇ
848 1225 971 1282 <μὲν>
1002 1224 1114 1266 θέσει
1144 1224 1409 1277 πληθυντικά,
1443 1230 1501 1281 τῶ
1532 1225 1580 1266 δὲ
1611 1230 1664 1280 νῷ
1697 1223 1819 1276 ἑνικά,
1854 1226 1907 1274 ὡς

442 1298 490 1338 τὸ
523 1297 662 1354 Κῦμαι
690 1296 863 1348 Ἀθῆναι
895 1294 1043 1353 Θῆβαι.

561 1436 754 1479 XVIIII.
796 1439 975 1488 Πτώσεις
997 1438 1090 1480 εἰσὶν
1106 1437 1162 1490 ἕξ,
1187 1438 1431 1496 ὀνομαστικὴ
1449 1439 1584 1495 γενικὴ
1601 1439 1743 1491 δοτικὴ
1763 1438 1904 1480 αἰτιαι-
1932 1446 1977 1481 10

442 1512 533 1563 τικὴ
575 1511 746 1563 κλητικὴ
791 1510 1050 1568 ἀφαιρετική,
1101 1510 1126 1562 ἢ
1168 1510 1239 1552 καὶ
1279 1510 1529 1563 ἀπενεκτική.
1601 1509 1907 1568 προσβάλλεται

441 1584 550 1639 παρὰ
589 1588 670 1623 τῶν
701 1582 1013 1639 ἐπιμελεστέρων
1044 1582 1115 1622 καὶ
1144 1580 1298 1638 ἑβδόμη
1329 1587 1490 1631 πτῶσις.
1553 1581 1616 1623 ἀεὶ
1645 1583 1670 1634 ἡ
1703 1580 1904 1622 ἀπενεκτι-

441 1655 491 1707 κὴ
534 1653 590 1696 ἑνὶ
625 1654 758 1710 τρόπῳ
797 1653 1029 1711 ἐκφέρεται,
1074 1652 1173 1694 ὅταν
1205 1652 1282 1694 ἀπὸ
1314 1655 1522 1710 προσώπου
1555 1653 1579 1706 ἢ
1614 1653 1691 1694 ἀπὸ
1722 1653 1846 1694 τόπου
1879 1653 1903 1706 ἢ

442 1726 519 1767 ἀπὸ
563 1725 802 1782 πράγματος
843 1724 1060 1782 ἀφαιρεθέν
1096 1739 1138 1766 τι
1167 1724 1474 1782 <σημαίνηται>,
1518 1721 1599 1766 οἷον
1629 1723 1717 1765 εἀπὸ
1749 1723 1903 1766 Αἰνείου

441 1798 516 1850 τὴν
549 1797 656 1854 ῥίζαν
689 1791 752 1849 [τὸ
780 1791 912 1853 γένος]
945 1797 1120 1852 κατάγει
1138 1795 1357 1853 Ῥωμύλος,
1391 1795 1468 1837 ἀπὸ
1499 1795 1655 1853 Ῥώμης
1685 1794 1740 1845 εἰς
1769 1794 1904 1854 Ἀφρι-
1933 1803 1976 1838 15

442 1870 515 1922 κὴν
556 1868 769 1919 ἐπάνεισιν,
816 1867 894 1909 ἀπὸ
936 1873 1016 1908 τῶν
1058 1867 1220 1925 βιβλίων
1260 1873 1341 1908 τῶν
1382 1867 1609 1924 Κικέρωνος
1645 1864 1660 1919 Η
1696 1866 1902 1919 νενόηταιῖ

444 1941 468 1992 ἡ
499 1940 548 1981 δὲ
578 1938 732 1997 ἑβδόμη
763 1945 912 1989 πτῶσις
941 1939 1102 1996 τρόποις
1132 1941 1320 1996 τέτρασιν
1349 1939 1581 1997 ἐκφέρεται“
1613 1940 1772 1995 πρώτῳ,
1805 1938 1904 1980 ὅταν

443 2011 483 2052 ἐν
524 2012 718 2067 προσώπῳ
755 2010 805 2063 <ἢ
838 2010 878 2051 ἐν
909 2011 1046 2067 τόπῳ>
1077 2011 1101 2063 ἢ
1135 2010 1174 2051 ἐν
1205 2012 1414 2068 πράγματι
1443 2015 1607 2063 νοῆται,
1651 2007 1733 2052 οἷον
1757 2007 1813 2051 (ἐν
1844 2015 1903 2066 τῷ

443 2083 639 2135 Σκηπίωνι
667 2083 692 2134 ἡ
725 2083 996 2138 στρατιωτικὴ
1029 2082 1153 2138 ἀρετὴ
1186 2082 1424 2140 ἐξέλαμψεν,
1458 2082 1499 2123 ἐν
1525 2087 1584 2138 τῷ
1608 2078 1689 2138 ὅρει
1708 2086 1767 2137 τῷ
1789 2081 1902 2123 Καυ-

441 2155 555 2211 κάσῳ
587 2155 724 2203 ποινὰς
754 2151 902 2195 ἔτεισεν
934 2153 1192 2211 Προμηθεύς,
1225 2154 1265 2194 ἐν
1295 2159 1354 2209 τῷ
1387 2152 1591 2210 ἀνδριάντι
1620 2152 1847 2209 Κικέρωνος
1877 2153 1902 2205 ἢ
1928 2159 1975 2195 20

560 2506 581 2541 1
615 2506 761 2550 ἀδρανής
785 2504 934 2551 τεχνίτης
957 2507 1074 2539 seclusi
1093 2505 1098 2549 Ι
1121 2518 1224 2541 ονιοτε
1249 2508 1275 2538 S
1297 2518 1383 2538 corr.
1410 2507 1493 2539 Keil
1588 2505 1606 2539 7
1634 2504 1694 2549 μὲν
1719 2518 1781 2540 om.
1807 2507 1907 2538 HM

441 2565 463 2601 8
489 2565 549 2610 μὲν
575 2568 650 2599 add.
676 2568 759 2600 Keil
856 2565 903 2599 10
928 2564 986 2606 εξα
1009 2567 1109 2598 HM
1127 2578 1189 2598 om.
1216 2567 1242 2598 S
1335 2564 1380 2599 11
1407 2577 1590 2609 αφηρετικη
1617 2576 1645 2598 ω
1671 2577 1760 2598 corr.
1784 2566 1867 2598 Keil
1892 2563 1896 2610 Ι

440 2624 461 2670 ἢ
486 2625 545 2660 καὶ
568 2628 688 2670 Hagen
795 2624 840 2660 12
867 2628 1120 2669 ενιμελεστερων
1145 2627 1190 2658 H
1287 2624 1334 2659 13
1360 2637 1481 2660 τουπου
1507 2627 1534 2658 S
1632 2623 1680 2659 14
1704 2625 1900 2668 αφερεῦεντι

441 2687 529 2718 HM
559 2686 778 2729 αφερεῧενται
803 2687 829 2718 S
854 2685 857 2728 Ι
886 2697 1087 2728 σημαινηται
1112 2686 1188 2717 add.
1215 2686 1297 2718 Keil
1414 2684 1460 2719 16
1493 2696 1627 2728 επανειη
1653 2695 1681 2716 ω
1707 2696 1794 2717 corr.
1820 2685 1904 2717 Keil

440 2743 487 2779 18
524 2757 570 2779 ενι
601 2756 770 2788 προσώπω
804 2747 885 2778 MS
914 2756 1110 2779 ενιποσωπω
1143 2746 1188 2777 H
1215 2756 1301 2777 corr.
1336 2745 1419 2777 Keil
1449 2743 1454 2788 Ι
1487 2742 1508 2788 ἢ
1535 2739 1568 2779 ἓν
1593 2743 1684 2787 τὸπῳ
1718 2745 1795 2777 add.
1820 2745 1904 2777 Keil

440 2803 487 2837 20
512 2816 627 2838 ετεισιν
653 2815 680 2836 ω
