2148 3407
505 317 531 357 6

505 446 537 477 p·
565 435 643 475 378-
672 442 738 475 379
765 435 810 467 K-

454 516 476 550 9
502 509 743 564 προσῳδίαν,
776 509 849 560 τὴν
880 509 1136 564 προάγουσαν
1166 509 1225 549 δὲ’
1245 508 1406 565 βαρεῖαν
1437 510 1589 561 ποιήσει
1621 511 1672 558 ὡς
1703 510 1752 550 τό
1875 509 1958 551 ,ἐὰν

503 580 526 631 η
548 579 848 635 παρατέλευτος
869 579 1053 636 συλλαβὴ
1087 585 1258 636 φυσικῶς
1280 580 1524 636 ἐκτεταμένη
1547 578 1673 631 ἔσται,
1704 580 1831 629 οὕτως
1852 581 1958 621 ὥστε

500 651 574 702 τὴν
603 651 841 691 τελευταίαν
878 649 1067 708 βραχεῖαν
1107 647 1222 702 εἶναι,
1264 651 1338 703 τὴν
1369 652 1668 707 παρατέλευτον
1698 652 1958 707 προπερισπά-

432 728 475 762 10
501 736 643 777 σομεν,
687 723 740 770 ὡς
770 721 818 762 τό
941 722 1022 763 ἐὰν
1063 722 1110 763 δὲ
1152 723 1287 778 μακρὰ
1325 719 1382 773 εἴη
1413 723 1438 774 ἢ
1470 723 1709 773 τελευταία,
1747 726 1800 780 τῇ
1831 737 1957 778 παρα-

499 792 677 847 τελεύτῳ
710 791 839 842 ὀξεῖαν
869 793 1052 849 δώσομεν
1083 793 1318 849 προσῳδίαν,
1354 795 1406 842 ὡς
1432 794 1481 834 τὸ
1505 787 1693 846 [Ἀθῆναι
1712 787 1916 846 ΦιδῆναιΙ.
1946 787 1958 846 ΙΙ
2007 802 2028 836 5

617 931 699 973 III.
760 934 826 975 Τὰ
866 933 1058 987 ἑλληνικά
1089 933 1294 991 ὀνόματα,
1338 935 1407 976 ἐὰν
1437 939 1523 984 τοῖς
1555 935 1692 984 αὐτοῖς
1721 936 1956 992 γράμμασιν

452 1011 473 1045 2
499 1007 764 1063 προφέρηται,
807 1004 1020 1058 ἑλληνικὰς
1060 1007 1285 1062 προσῳδίας
1321 1005 1484 1056 ἕξουσιν.
1546 1007 1617 1048 καὶ
1646 1007 1725 1062 γὰρ
1758 1005 1857 1047 ὅταν
1887 1007 1953 1047 λέ-

498 1076 632 1133 γωμεν
665 1074 790 1125 Θυιάς
821 1076 934 1128 Ναίς,
977 1078 1050 1129 τὴν
1093 1076 1221 1128 ὀξεῖαν
1253 1077 1330 1127 ἕξει
1359 1078 1384 1129 ἧ
1418 1078 1566 1133 ὑστέρα
1595 1078 1842 1133 προσῳδίαν,
1886 1078 1956 1119 καὶ

499 1149 551 1196 ὡς
574 1145 762 1204 Θεμιστῶ
785 1147 970 1205 Καλυψῶ
1002 1149 1075 1200 τὴν
1105 1148 1343 1189 τελευταίαν
1374 1148 1642 1204 περισπᾶσθαι
1663 1148 1826 1205 ὁρῶμεν,
1860 1148 1952 1205 ὅπερ

498 1217 688 1274 ἑκάτερον
721 1219 741 1260 ὁ
775 1218 975 1275 ρῳμαϊκὸς
1005 1220 1130 1275 λόγος
1162 1218 1234 1260 οὐκ
1266 1219 1503 1276 ἐπιδέχεται,
1536 1219 1569 1260 εἰ
1600 1220 1653 1275 μὴ
1685 1220 1784 1261 πάνυ
1806 1219 1955 1276 ἀραιῶς
1981 1227 2025 1261 10

497 1290 609 1347 χάριν
640 1294 712 1331 τοῦ
744 1291 888 1331 διελεῖν
919 1291 990 1331 τὸν
1021 1295 1129 1342 νοῦν,
1173 1292 1226 1339 ὡς
1257 1290 1418 1346 ἀπαντᾷ
1450 1290 1470 1331 ὁ
1503 1299 1606 1340 ergo
1638 1290 1879 1347 σύνδεσμος,
1914 1291 1954 1332 ἐν

451 1367 471 1401 3
498 1360 528 1416 ᾧ
570 1361 594 1412 ἢ
635 1361 852 1402 τελευταία
891 1363 1160 1418 περισπωμένη
1203 1361 1578 1418 καταλαμβάνεται.
1641 1361 1786 1418 ὁμοίως
1817 1364 1870 1411 ὡς
1905 1363 1954 1403 τὸ

497 1432 691 1489 ἐπίρρημα
721 1441 830 1482 pone
861 1437 912 1490 τῇ
946 1434 1093 1490 ὑστέρα
1125 1431 1254 1483 ὀξεῖαν
1286 1432 1539 1490 ἀναδέχεται,
1573 1432 1636 1473 ἵνα
1669 1433 1722 1490 μὴ
1751 1430 1809 1485 εἴη
1833 1432 1953 1490 ῥῆμα.

616 1571 720 1612 IIII.
771 1573 914 1615 Ἔστιν
945 1575 992 1616 δὲ
1023 1579 1184 1632 σημεῖον
1215 1579 1289 1627 τῆς
1321 1573 1449 1625 ὀξείας
1479 1575 1704 1631 προσῳδίας
1734 1571 1757 1614 Ι
1783 1575 1954 1632 πλάγιον

497 1645 550 1694 εἰς
579 1646 628 1686 τὸ
661 1647 779 1702 μέρος
814 1646 863 1686 τὸ
894 1646 1024 1696 δεξιὸν
1056 1645 1287 1703 ἀναβαῖνον,
1330 1651 1404 1698 τῆς
1435 1645 1597 1703 βαρείας
1627 1647 1852 1702 προσῳδίας
1882 1662 1952 1699 ση-
1981 1655 2024 1689 15

449 1723 470 1756 2
497 1721 604 1773 μεῖον
635 1713 657 1755 Ι
688 1717 858 1773 πλάγιον
899 1717 952 1766 εἷς
994 1719 1111 1775 μέρος
1150 1718 1199 1758 τὸ
1240 1718 1370 1768 δεξιὸν
1410 1716 1669 1773 καταβαῖνον.
1737 1719 1811 1770 τὴν
1850 1733 1953 1774 περι·

497 1790 701 1845 σπωμένην
733 1793 966 1845 σημειοῦται
1005 1790 1230 1845 προσῳδίαν
1262 1785 1293 1828 C
1324 1789 1437 1829 κάτω
1470 1787 1629 1845 βλέπον.
1691 1790 1765 1842 τὴν
1797 1791 1954 1847 μακρὰν

495 1860 718 1914 προσῳδίαν
749 1860 907 1916 πλαγίῳ
938 1866 997 1915 τῷ
1019 1857 1042 1898 Ι
1063 1861 1273 1916 γράμματι
1303 1865 1570 1917 σημειοῦνται,
1605 1859 1794 1917 βραχεῖαν
1816 1857 1848 1900 C
1870 1859 1950 1902 ἄνω

447 1936 469 1971 3
495 1929 693 1986 βλέποντι.
757 1931 869 1972 ἀλλὰ
899 1931 938 1972 ἐν
970 1931 1129 1981 ἐκείνοις
1159 1933 1254 1980 τοὺς
1284 1932 1436 1983 τόνους,
1475 1931 1515 1972 ἐν
1545 1931 1705 1981 τούτοις
1735 1933 1830 1981 τοὺς
1860 1932 1952 1990 χρό-

446 2008 470 2041 4
494 2016 582 2050 νους
623 2002 891 2058 γινώσκεσθαι
921 2002 1137 2060 <ὁρῶμεν>.
1201 2004 1273 2055 τὴν
1313 2004 1480 2044 δασεῖαν
1516 2004 1565 2044 τὸ
1598 1999 1641 2041 Η
1671 2017 1950 2060 προσγεγραμ-
1977 2010 2023 2045 20

611 2354 631 2387 1
660 2355 706 2394 ὡς
730 2353 765 2388 τὸ
791 2367 852 2386 om.
881 2356 906 2386 S
1011 2353 1033 2387 2
1067 2351 1086 2397 ἦ
1113 2366 1174 2387 om.
1205 2356 1248 2387 Η
1265 2354 1269 2396 Ι
1292 2357 1440 2397 παρατὲλ
1470 2345 1539 2389 σιῖλ
1569 2357 1612 2387 H
1703 2355 1725 2388 3
1751 2358 1948 2390 τελευταταν

493 2415 536 2445 H
554 2413 557 2456 Ι
580 2425 933 2456 προπερισπασομενην
958 2416 1001 2446 H
1116 2413 1138 2446 4
1164 2426 1237 2448 eam
1263 2415 1307 2446 H
1415 2414 1436 2448 5
1462 2416 1557 2458 δωμε
1581 2416 1625 2446 H
1642 2414 1646 2457 Ι
1669 2413 1860 2458 προσῳδίαν
1885 2427 1947 2447 om.

491 2498 536 2528 H
553 2495 556 2540 Ι
579 2508 625 2535 ως
649 2473 836 2539 ὒνναιρῖνοιίἮ
854 2499 898 2529 Η
967 2496 984 2530 7
1012 2509 1140 2541 εχουσιν
1165 2498 1209 2529 H
1226 2495 1230 2539 Ι
1252 2500 1388 2540 λεγομεν
1407 2500 1450 2530 Η
1517 2496 1539 2532 8
1564 2495 1622 2532 καί
1637 2510 1699 2530 om.
1717 2499 1762 2530 H
1828 2496 1850 2531 9
1867 2509 1948 2540 ορω-

493 2567 553 2598 μαι
577 2557 620 2587 Η
711 2555 754 2588 11
781 2551 888 2601 χάριν]
913 2568 1012 2600 χκαρι
1037 2558 1081 2588 Η
1100 2568 1188 2599 καρα
1215 2558 1240 2588 S
1262 2558 1381 2589 emend.
1402 2559 1484 2590 Keil
1576 2555 1623 2590 12
1648 2558 1948 2600 καταλαμβαναται

492 2616 535 2646 Η
682 2614 728 2648 13
761 2627 850 2658 pone
887 2628 948 2648 om.
980 2618 1024 2648 Η
1053 2615 1057 2660 Ι
1092 2627 1253 2658 τρυστερα
1284 2618 1328 2648 Η
1473 2616 1519 2651 15
1552 2618 1718 2659 αναβανον
1748 2617 1792 2648 Η
1820 2614 1825 2659 Ι
1860 2621 1950 2659 σιμιδ

493 2668 562 2707 ἐστὶ
586 2672 626 2707 ὶὶ
651 2677 767 2717 πλαγιο
792 2676 836 2707 Η
856 2687 1031 2718 σημιουται
1055 2681 1136 2718 πρὸς
1161 2670 1225 2718 (ut
1247 2678 1379 2708 videtur
1403 2678 1505 2709 deleta
1531 2688 1547 2718 ρ
1565 2670 1688 2708 littera’
1707 2674 1806 2718 Keil)
1833 2677 1846 2709 Ι
1866 2679 1946 2709 πλα-

491 2738 542 2775 γιδ
568 2734 594 2764 S
734 2733 777 2767 17
813 2754 836 2770 fl
869 2737 912 2766 H
1050 2733 1096 2769 18
1127 2736 1285 2779 βραχιονα
1310 2737 1353 2767 Η
1491 2734 1538 2768 19
1563 2737 1722 2778 βλεπομτι
1745 2735 1789 2766 Η
1811 2734 1815 2778 Ι
1839 2737 1899 2769 αλλ
1925 2736 1952 2767 S

493 2791 539 2824 20
576 2789 704 2834 ὁρῶμεν
729 2795 804 2825 add.
832 2795 913 2826 Keil
934 2796 978 2836 cf.
1009 2796 1132 2827 Comin.
1154 2800 1190 2836 p.
1220 2805 1288 2837 109
