2164 3471
1593 338 1648 378 43

185 463 217 495 p.
245 459 324 494 399.
352 461 421 491 400
447 452 491 483 K.

184 523 288 576 quia
307 535 394 565 non
416 526 649 578 comparet,
677 524 753 566 sed
774 527 1052 578 superponat.
1105 537 1200 567 cum
1223 525 1335 567 enim
1359 525 1450 568 dieo
1473 526 1650 569 ‘doctior

180 594 256 637 illo
289 597 394 638 sum'
422 606 509 636 non
541 607 742 649 comparo
774 608 841 638 me
872 596 950 650 illi,
982 597 1058 639 sed
1090 608 1344 650 superpono.

299 737 489 781 XXVII.
551 738 647 781 Non
679 738 822 781 omnia
853 742 1000 781 autem
1026 739 1201 781 nomina
1222 741 1384 793 gradus
1407 740 1650 784 collationis

180 809 419 864 recipiunt,
461 811 536 853 sed
578 810 670 853 sola
713 823 826 863 quae
868 814 947 853 aut
989 810 1250 863 qualitatem
1287 811 1558 866 significant,
1601 817 1650 854 ut

133 894 154 928 5
179 882 319 925 bonus
360 881 569 924 candidus
610 882 746 935 citus,
789 885 867 924 aut
907 882 1222 935 quantitatem,
1265 886 1315 924 ut
1345 882 1500 936 longus
1533 885 1650 926 altus

181 966 378 1008 magnus.
449 956 599 996 cetera
640 958 786 996 autem
828 965 914 996 non
957 954 1124 996 habent
1166 953 1462 1008 collationem,
1511 955 1650 998 veluti

182 1037 295 1078 quae
326 1037 482 1078 corpus
513 1024 775 1079 significant,
807 1028 858 1067 ut
889 1025 1013 1067 homo
1047 1025 1188 1067 arbor.
1243 1026 1456 1077 quaedam
1476 1027 1651 1069 nomina

181 1109 443 1150 quamquam
475 1096 735 1149 qualitatem
762 1096 1020 1150 significent,
1053 1098 1215 1149 gradus
1236 1100 1385 1139 tamen
1408 1097 1650 1141 collationis

180 1181 267 1212 non
296 1168 474 1223 habent,
505 1172 555 1210 ut
587 1168 707 1210 rudis
739 1168 910 1210 sobrius
941 1168 1170 1211 mediocris
1196 1169 1386 1222 grandis.
1439 1170 1649 1221 quaedam
1702 1198 1720 1214 0

110 1251 155 1286 10
179 1244 283 1284 sunt
314 1252 426 1293 quae
457 1253 590 1282 unum
622 1243 796 1282 tantum
827 1241 1013 1294 gradum
1044 1239 1265 1293 recipiunt
1292 1240 1650 1294 comparativum,

179 1315 231 1355 ut
260 1323 394 1355 senex
425 1312 580 1366 senior,
611 1311 783 1355 iuvenis
814 1311 1015 1354 iuvenior
1047 1310 1367 1368 [iuvenissimus
1396 1312 1508 1354 enim
1529 1325 1650 1354 num-

166 1381 349 1441 ·quam];
383 1385 596 1436 quaedam
627 1383 944 1436 superlativum
977 1387 1173 1437 tantum,
1212 1387 1264 1425 ut
1293 1383 1391 1436 pius
1422 1383 1650 1437 piissimus,

180 1455 322 1499 bellus
352 1455 627 1498 bellissimus.
691 1459 793 1498 sunt
823 1455 930 1497 item
961 1455 1235 1508 superlativa
1258 1467 1369 1507 quae
1392 1455 1649 1509 absolutum,

179 1527 262 1571 hoo
293 1531 361 1570 est
390 1531 662 1588 πρωτότυπον,
695 1540 781 1570 non
813 1528 990 1580 habent,
1022 1528 1099 1569 sed
1130 1527 1184 1569 ab
1219 1527 1426 1569 adverbio
1455 1527 1649 1580 veniunt,

111 1610 154 1644 15
180 1602 232 1642 ut
261 1598 447 1642 ulterior
476 1598 657 1642 ultimus
690 1600 746 1642 ab
768 1599 899 1653 ultra,
932 1599 1004 1642 vel
1027 1598 1202 1641 citerior
1225 1599 1397 1640 citimus
1420 1600 1433 1653 ᾖ
1478 1611 1503 1640 a
1525 1598 1648 1651 eitra,

178 1669 363 1713 inferior
391 1670 563 1713 infimus
594 1671 677 1722 <ab
709 1670 871 1725 infra>‚
913 1670 1110 1723 superior
1141 1683 1365 1723 supremus
1397 1675 1450 1720 <a
1481 1675 1647 1724 supra),

179 1743 299 1796 prior
341 1741 475 1785 etiam
515 1746 614 1793 <et>
655 1742 819 1795 primus
856 1743 938 1793 <ab
971 1742 1207 1793 adverbio>
1238 1741 1371 1794 prius.
1435 1742 1648 1794 quaedam

299 1874 320 1908 1
349 1876 431 1917 quia
456 1876 558 1906 HM
577 1876 636 1916 qui
656 1876 683 1907 S
704 1886 781 1907 cum
800 1875 927 1916 alioqui
944 1876 1029 1906 Exc.
1129 1872 1152 1906 4
1178 1880 1235 1905 aut
1252 1885 1313 1906 om.
1332 1875 1433 1905 HM
1523 1873 1544 1907 5
1570 1884 1646 1905 can-

182 1935 282 1967 didus
308 1936 335 1967 S
355 1935 440 1966 Exc.
467 1935 566 1966 albus
592 1935 694 1967 HM
849 1933 870 1967 6
909 1940 1021 1966 autem
1047 1946 1108 1965 om.
1136 1935 1163 1965 S
1312 1933 1329 1965 ’7
1358 1939 1393 1964 ut
1419 1935 1520 1965 homo
1548 1934 1648 1964 arbor

179 2007 242 2027 om.
261 1996 289 2027 S
321 1996 413 2035 Quae
437 1999 516 2036 post
547 1995 649 2026 arbor
681 1995 863 2026 exciderint
895 1999 1034 2036 apparet
1066 2005 1106 2026 ex
1139 1995 1222 2025 Exc.
1244 1994 1338 2033 536,
1374 1994 1441 2024 26:
1472 1988 1523 2024 ‘ut
1554 1995 1646 2025 homo

179 2055 282 2086 arbor
312 2056 367 2086 vel
395 2065 480 2097 quae
507 2060 634 2097 gentem
665 2055 720 2086 vel
748 2065 832 2097 quae
864 2054 1054 2085 numerum’
1092 2055 1144 2095 ij.
1181 2054 1262 2096 Jeep
1295 2055 1386 2085 illus.
1414 2054 1504 2085 rhen.
1530 2054 1655 2084 XLIV

179 2114 327 2156 (1889),
362 2124 414 2153 „3³3
568 2112 590 2147 8
633 2114 786 2155 quamvis
829 2114 927 2145 Char.
969 2114 1054 2144 Exco
1091 2112 1094 2155 l
1133 2114 1328 2154 significant
1365 2114 1450 2144 Exc.
1486 2112 1490 2154 Ι
1525 2113 1646 2153 gradus

178 2178 291 2206 tamen
318 2175 345 2206 S
370 2174 470 2205 Char.
497 2175 582 2205 Exc.
610 2179 724 2204 tamen
751 2174 875 2214 gradus
901 2174 1001 2204 HM
1092 2172 1113 2206 9
1139 2173 1266 2204 habent
1293 2184 1320 2204 ω
1346 2173 1517 2214 recipiunt
1546 2173 1645 2204 Char.

176 2234 263 2265 Exc.
298 2231 303 2275 Ι
339 2234 433 2264 rudis
466 2234 599 2265 sobrius
631 2234 814 2264 mediocris
849 2233 986 2273 grandis
1019 2234 1045 2264 S
1066 2234 1151 2264 Exc.
1191 2233 1372 2263 mediocris
1399 2233 1531 2263 sobrius
1556 2233 1647 2263 rudis

177 2294 316 2334 grandis
344 2293 444 2325 Clzar.
479 2293 617 2334 grandis
643 2305 705 2324 om.
732 2294 832 2324 HM
852 2293 943 2324 rudis
970 2293 1082 2324 ebrius
1107 2294 1228 2335 Hagen
1254 2287 1331 2324 ‘non
1356 2293 1442 2323 enim
1458 2293 1506 2334 fit
1530 2293 1646 2323 medio-

177 2354 269 2385 crior
299 2353 429 2384 sobrior
461 2354 583 2385 rudior
607 2346 786 2395 grandior³
822 2354 898 2384 add.
937 2353 1037 2384 Char.
1071 2347 1148 2383 ‘non
1181 2353 1266 2383 enim
1288 2353 1336 2394 fit
1368 2353 1488 2383 rudior
1518 2353 1647 2383 sobrior

177 2413 373 2444 mediocrior
404 2406 583 2455 grandior’
622 2413 708 2444 Exc.
751 2413 804 2453 Cf.
832 2413 913 2454 Jeep
939 2413 973 2443 ll.
1002 2422 1048 2453 29
1192 2410 1239 2444 10
1279 2411 1421 2452 gradum
1460 2423 1521 2442 om.
1559 2412 1645 2442 Exc.

178 2470 223 2504 11
250 2472 489 2504 iuvenissimus
516 2473 606 2503 enim
632 2482 816 2513 numquam
834 2484 896 2504 om.
917 2473 942 2503 S
1037 2470 1081 2503 12
1108 2471 1183 2514 pius
1201 2483 1262 2502 om.
1281 2472 1380 2502 HJJ
1473 2470 1517 2502 13
1536 2471 1645 2501 bellus

176 2531 385 2563 bellissimus
409 2532 496 2563 Exc.
522 2531 633 2562 bellus
657 2532 806 2563 lissimus
832 2532 858 2563 S
879 2543 941 2563 om.
968 2532 1013 2562 H
1020 2531 1069 2562 ,ll
1182 2529 1229 2562 14
1266 2531 1332 2562 hoc
1358 2535 1406 2561 est
1432 2528 1645 2572 tpoetowxov

177 2603 239 2623 om.
265 2591 367 2623 HM
388 2591 489 2623 Char.
516 2591 552 2622 id
579 2596 628 2622 est
654 2589 869 2633 πρωτὸτυπον
895 2592 981 2622 Exc.
1128 2589 1172 2623 15
1214 2596 1251 2621 ut
1275 2590 1556 2631 ulterior—prius
1582 2601 1643 2620 om.

177 2652 279 2683 HM
369 2649 416 2683 16
441 2651 581 2682 inferior
606 2651 742 2682 infimus
768 2651 813 2682 ab
839 2651 938 2689 infra,
965 2651 1117 2692 superior
1143 2659 1318 2692 supremus
1337 2649 1500 2690 (summus
1518 2650 1642 2680 SExc.

178 2711 222 2752 cs.
252 2711 377 2742 Com-in.
406 2709 488 2750 135)
523 2721 542 2740 a
573 2720 674 2751 supra
704 2711 803 2742 Char.
829 2710 915 2741 Exc.
950 2711 1085 2741 correxi
1212 2708 1256 2741 17
1297 2714 1329 2740 et
1355 2709 1470 2740 addidi
1493 2719 1533 2740 ex
1557 2709 1642 2739 Exc.

178 2776 210 2802 et
235 2770 335 2802 Char.
369 2768 375 2813 Ι
410 2770 454 2801 ab
487 2769 654 2801 adverbio
691 2770 791 2801 Clzar.
818 2770 904 2801 Exc.
930 2770 1159 2800 Exciderunt:
1204 2764 1248 2800 ‘et
1282 2769 1379 2810 peior
1410 2768 1574 2810 pessimus
1601 2768 1642 2798 ab

178 2830 342 2862 adverbio
368 2823 476 2870 peius’
508 2829 608 2861 Char.
634 2830 720 2861 Exc.

1701 1038 1720 1063 ¹)

1702 1060 1720 1071 ..a

1703 1181 1720 1197 9

1700 1468 1722 1500 4
