2164 3471
1628 316 1682 358 77

218 444 251 475 p.
278 442 346 473 419
373 433 418 466 K.

221 503 365 555 urbes,
410 506 518 546 tecta
561 505 798 558 ardebunt,
838 510 930 548 tum
969 510 1006 548 te
1038 519 1129 548 vnon
1161 506 1425 548 emisti-mas?
1465 507 1684 561 significat

221 575 335 618 enim
366 588 413 618 se
448 576 541 629 ipso
579 579 774 630 tempore
804 578 974 621 invidia
1005 578 1386 632 conflagraturum‚
1420 591 1502 631 quo
1535 582 1684 621 vasta-

220 647 343 690 bitur
372 647 518 702 Italia,
550 649 831 692 vexabuntur
858 650 1001 704 urbes,
1032 653 1154 692 tecta
1175 651 1402 693 ardebunt.
1455 651 1535 693 hoc
1555 653 1684 703 pacto

220 718 420 773 iungitur
449 719 647 773 finitivis3
692 721 983 764 subiunctivis
1015 725 1179 775 autem,
1211 726 1359 772 <cum>
1391 726 1489 775 post
1520 722 1685 764 factum
1740 732 1755 740 ’

173 803 193 837 5
221 789 388 843 aliquid
418 790 652 845 significat,
695 796 745 834 ut
777 793 893 846 apud
925 792 1173 835 Ciceronem
1204 796 1312 834 ‘cum
1344 792 1421 834 ille
1453 792 1572 835 homo
1607 806 1684 834 au-

220 861 480 904 dacissimus
512 863 778 905 conscientia
811 863 1030 906 convictus
1061 863 1315 915 reticuisset,
1340 864 1554 918 patefeci’.
1585 878 1685 907 nam

218 933 402 987 primum
436 934 627 977 Catilina
657 936 810 989 tacuit,
844 939 889 978 et
920 939 1025 978 tunc
1057 936 1206 979 Cicero
1237 936 1460 988 patefecit.

337 1005 458 1049 LIH.
520 1005 567 1049 Si
598 1009 721 1050 modo
752 1007 948 1062 finitivis,
985 1008 1109 1050 modo
1143 1008 1433 1050 subiunctivis
1465 1008 1684 1062 iungitur3

217 1076 400 1121 finitivis
430 1078 512 1120 hoc
542 1080 677 1131 modo,
710 1079 910 1131 quotiens
941 1091 1011 1121 res
1038 1079 1161 1121 facta
1182 1079 1467 1133 significatur,
1499 1083 1549 1122 ut
1571 1080 1687 1132 apud

149 1160 193 1195 10
218 1148 467 1192 Ciceronem
497 1148 547 1191 ‘sz'
578 1149 896 1201 inlustrantur,
927 1149 966 1192 si
989 1154 1230 1203 erumpunt
1251 1150 1421 1194 omnia?
1471 1164 1551 1194 nec
1573 1151 1685 1193 enim

217 1220 414 1275 dubitat,
445 1221 483 1263 si
513 1221 819 1275 inlustrentur,
851 1223 943 1275 sed,
977 1222 1080 1274 quia
1111 1223 1417 1276 inlustrantur,
1450 1224 1605 1265 suadet
1636 1227 1686 1265 ut

217 1291 410 1335 Catilina
441 1296 583 1336 mutet
614 1297 812 1336 mentem.
874 1293 980 1336 item
1013 1294 1245 1336 Terentius
1277 1294 1323 1336 in
1354 1295 1532 1348 Hecyra

293 1390 296 1391 ν
336 1362 412 1406 hoc
448 1363 560 1406 mihi
592 1377 734 1406 unum
768 1378 788 1406 e
812 1364 1029 1418 plurimis
1059 1364 1251 1407 miseriis
1283 1365 1504 1418 reliquum
1536 1366 1688 1420 fuerat

1388 1438 1566 1491 malum,

146 1519 190 1554 15
335 1506 375 1549 si
398 1521 594 1561 puerum
626 1511 678 1549 ut
708 1507 855 1550 tollam
889 1508 1011 1563 coyz‘t.

217 1579 280 1622 sic
311 1591 481 1632 quoque
512 1582 558 1622 et
589 1579 785 1633 perfecto
816 1580 1027 1635 iungitur,
1059 1584 1109 1623 ut
1142 1583 1256 1634 apud
1287 1581 1531 1636 Vergilium

337 1650 377 1693 si
399 1650 552 1705 potuit
581 1664 732 1693 manes
765 1665 978 1694 arcessere
1012 1652 1210 1707 commis
1248 1651 1458 1706 Orpheus,

219 1722 413 1766 affirmat
456 1722 570 1766 enim
610 1724 816 1777 potuisse.
878 1724 983 1766 item
1028 1725 1143 1778 apud
1176 1724 1423 1767 Ciceronem
1454 1723 1603 1777 quid?
1648 1723 1687 1766 si

219 1793 334 1843 haec,
365 1807 457 1837 non
489 1793 583 1837 dico
614 1794 786 1837 maiora
808 1794 999 1849 fuerunt
1018 1794 1070 1837 in
1092 1794 1240 1838 Clodio
1265 1809 1396 1849 quam
1417 1796 1469 1838 in
1490 1796 1685 1839 Milone&

148 1878 194 1912 20
220 1866 513 1910 subiunctivis
556 1879 661 1911 vero
705 1867 920 1922 iungitur,
966 1867 1165 1920 quotiens
1211 1868 1520 1910 condicionalis
1553 1871 1598 1910 et
1628 1868 1692 1910 in-

341 1985 362 2020 5
405 1987 470 2019 Cic.
502 1988 600 2019 Catil.
626 1988 671 2019 II
692 1987 722 2026 ό,
752 1997 798 2027 15>
920 1986 966 2020 10
1009 1988 1074 2020 Cic.
1105 1988 1201 2020 Catil.
1228 1989 1304 2027 ly,
1333 1988 1355 2020 6
1476 1987 1522 2020 13
1566 1990 1693 2020 Terent.

222 2047 304 2079 Hec.
324 2054 403 2087 570
500 2046 544 2080 17
580 2047 671 2090 Verg.
697 2050 779 2079 Aen.
806 2048 857 2079 VI
876 2058 945 2089 119
1042 2045 1088 2081 18
1117 2048 1182 2080 Cic.
1209 2049 1290 2080 Mil.
1319 2058 1374 2087 13,
1395 2057 1449 2087 35

346 2154 368 2188 1
401 2155 573 2186 existimas
604 2155 705 2187 Char.
731 2156 845 2186 Diem.
874 2155 1040 2186 existimat
1067 2156 1092 2186 S
1202 2152 1223 2186 2
1259 2164 1293 2185 se
1320 2165 1383 2185 om.
1413 2156 1512 2187 Clzar.
1539 2156 1653 2186 Dione.
1687 2154 1691 2197 Ι

225 2225 295 2246 esse
327 2215 461 2246 invidia
487 2216 774 2256 conflagraturum
804 2216 904 2247 Clzar.
939 2215 1072 2245 invidia
1100 2225 1171 2246 esse
1198 2214 1481 2255 conflagraturum
1507 2216 1621 2246 Diem.
1648 2215 1694 2256 cf.

227 2274 353 2306 Comin.
374 2284 444 2314 104
477 2272 481 2317 Ι
517 2275 706 2306 vastabitur
735 2275 836 2306 Clzar.
862 2275 976 2306 Diem.
1003 2275 1158 2306 uastabat
1185 2276 1211 2305 S
1315 2273 1337 2306 3
1372 2275 1582 2306 uexabantur
1607 2286 1694 2305 corr.

225 2335 400 2366 ——buntur
426 2335 453 2366 S
569 2332 592 2367 4
631 2339 742 2365 autem
770 2335 796 2365 S
817 2345 897 2365 vero
928 2334 1029 2366 Cltar.
1054 2335 1168 2365 Diam.
1204 2332 1209 2376 ΙΙ
1245 2344 1321 2365 cum
1350 2334 1450 2365 Char.
1476 2335 1591 2365 Diem.
1619 2335 1694 2365 add.

224 2394 309 2425 Keil
450 2392 472 2427 5
515 2394 647 2436 aliquid
682 2395 865 2435 perfectum
891 2395 1005 2425 Diam.
1041 2395 1078 2425 de
1109 2395 1151 2425 z'z's
1176 2404 1260 2435 quac
1277 2398 1355 2436 post
1377 2393 1551 2434 significat
1576 2395 1696 2425 omissa

224 2458 305 2485 sunt
328 2454 374 2495 cs.
405 2454 530 2485 Comin.
559 2464 629 2494 104
726 2453 748 2486 6
786 2454 943 2485 convictu
970 2454 996 2484 S
1092 2452 1109 2485 7
1149 2454 1306 2495 patillina
1334 2454 1360 2484 S
1453 2451 1474 2485 9
1513 2464 1563 2484 res
1588 2454 1694 2484 factas

226 2513 398 2554 significat
428 2513 528 2545 Char.
651 2512 698 2546 10
735 2514 762 2544 si
789 2511 982 2556 erumpunt]
1010 2519 1227 2554 scerumpunt
1253 2511 1302 2554 S!
1330 2513 1560 2544 nec—suadet
1584 2518 1620 2544 ut
1646 2514 1695 2544 de-

225 2577 306 2604 sunt
329 2573 366 2604 in
395 2573 496 2604 Char.
524 2574 614 2604 codd.
736 2571 781 2605 11
821 2574 849 2604 si
876 2574 903 2604 S
925 2584 966 2604 an
992 2574 1106 2604 Diam.
1130 2571 1134 2615 1
1158 2573 1379 2604 inlustrantur
1404 2584 1491 2604 corr.
1518 2573 1694 2603 inlustren-

226 2638 280 2664 tur
306 2633 332 2664 S
450 2631 496 2665 12
523 2633 747 2674 item-cogit
773 2644 835 2664 om.
866 2633 966 2664 Char.
992 2633 1105 2664 Diom.
1129 2631 1134 2675 Ι
1156 2633 1351 2664 Terrentius
1376 2632 1411 2663 in
1438 2642 1535 2671 ecyra
1561 2632 1587 2663 S
1608 2643 1695 2663 corr.

227 2693 312 2724 Keil
428 2690 474 2724 13
518 2703 536 2723 e
561 2693 716 2734 plurimis
743 2697 775 2723 et
800 2692 953 2734 plurimis
980 2693 1006 2723 S
1123 2691 1168 2725 16
1211 2697 1241 2724 et
1267 2693 1419 2733 perfecto
1455 2692 1554 2723 Char.
1579 2692 1694 2722 Diom.

228 2752 418 2794 inperfecto
444 2750 493 2795 S}
517 2752 700 2792 Virgilium
726 2753 754 2783 S
846 2751 890 2784 17
918 2763 1085 2784 accersere
1115 2753 1215 2785 Clzar.
1313 2749 1359 2785 18
1386 2752 1467 2783 item
1495 2751 1521 2782 S
1543 2756 1574 2782 et
1595 2751 1694 2782 Char.

228 2810 274 2844 19
307 2812 423 2844 cludio
454 2812 482 2843 S
575 2810 622 2844 20
651 2811 896 2844 conditionalis
927 2813 954 2843 S
980 2812 1226 2843 condicionalis
1260 2812 1359 2843 Char.
1390 2812 1504 2843 Diam.
