2148 3407
457 277 512 317 80

455 406 485 436 p.
515 403 594 431 420.
622 402 686 428 421
717 394 762 426 K·

572 463 686 505 LVI.
734 463 797 506 Ut
813 463 969 515 recipit
985 463 1159 506 finitiva
1176 467 1304 506 acuto
1323 467 1507 506 accentu
1524 464 1700 526 elatum.
1740 463 1917 507 effertur

452 537 661 588 <autem>,
705 534 902 586 quotiens
924 535 939 587 ΙΙ
961 546 1038 587 pro
1081 546 1130 576 eo
1174 534 1389 587 accipitur
1433 536 1545 587 quod
1587 539 1654 578 est
1687 536 1915 588 quomod03

454 605 652 657 quotiens
689 617 794 648 vero
826 617 903 657 pro
937 617 985 647 eo
1018 606 1132 657 quod
1164 608 1230 647 est
1262 606 1378 658 apud
1411 605 1602 649 Graecos
1635 609 1718 660 ἵνα,
1762 606 1920 659 recipit

384 689 400 701 ἢ
453 676 666 730 optativa,
703 679 753 718 ut
783 679 834 718 ut
864 675 1036 718 faciam.
1097 688 1182 718 non
1212 688 1445 728 numquam
1477 679 1623 720 tamen
1657 680 1702 719 et
1734 680 1918 720 accentu

453 750 580 789 acuto
613 746 776 789 elatum
806 747 964 799 recipit
995 747 1295 801 subiunctiva,
1328 748 1577 800 praeposito
1609 760 1715 790 sane
1745 747 1914 791 finitivo
1963 762 1984 797 5

454 818 609 870 verbo,
654 830 772 860 more
814 830 896 870 quo
939 830 1071 871 supra
1112 818 1295 860 formam
1338 817 1575 861 relativam
1617 819 1825 873 diximus,
1869 822 1920 861 ut

456 889 569 941 apud
602 888 844 942 Vergilium

574 958 832 1012 infandum,
862 959 1030 1013 regina,
1062 959 1184 1001 iubes
1215 973 1425 1002 renovare
1457 960 1653 1012 dolorem,

580 1029 797 1072 Troianas
830 1033 880 1071 ut
911 1044 1006 1084 opes
1039 1034 1079 1072 et
1110 1030 1386 1073 lamentabile
1421 1044 1607 1085 regnum

577 1101 777 1142 eruerint
807 1100 976 1143 Danai.
1945 1116 1989 1151 10

456 1172 623 1215 utinam
665 1173 823 1226 recipit
865 1173 1088 1227 optativa,
1131 1176 1182 1216 ut
1222 1173 1388 1215 utinam
1432 1174 1606 1228 veniat3
1649 1187 1705 1217 ne
1737 1178 1918 1218 accentu

461 1248 587 1286 acuto
619 1244 895 1298 imperativa,
928 1248 978 1286 ut
1007 1257 1063 1286 ne
1094 1245 1183 1298 iac3
1216 1245 1415 1297 quotiens
1447 1258 1552 1288 vero
1584 1247 1716 1300 gravi
1737 1250 1921 1290 accentu

459 1327 536 1367 pro
569 1327 618 1357 eo
651 1316 764 1366 quod
796 1319 862 1358 est
895 1317 1010 1368 apud
1043 1316 1232 1359 Graecos
1263 1319 1326 1360 ἵνα
1357 1321 1411 1376 μή
1445 1317 1672 1371 accipitur,
1706 1318 1919 1371 optativa,

460 1389 510 1428 ut
541 1387 657 1439 apud
687 1387 918 1429 Horatium

1426 1472 1482 1501 ne
1512 1459 1656 1513 facias
1689 1459 1802 1513 quod
1947 1472 1989 1506 15

588 1527 835 1571 Ummidius
867 1528 1058 1582 quidam.

459 1612 545 1642 11011
576 1612 809 1652 numquam
841 1613 957 1654 vero,
990 1601 1164 1643 etiamsi
1185 1604 1369 1643 accentu
1392 1606 1519 1644 acuto
1543 1602 1765 1656 efferatur,
1797 1606 1919 1656 opta-

459 1671 555 1713 tiva
586 1683 755 1724 quoque
786 1672 954 1726 recipit,
987 1675 1037 1714 ut
1059 1685 1114 1715 ne
1135 1672 1300 1727 venias,
1331 1685 1385 1715 ne
1408 1673 1586 1716 scribas.
1639 1674 1716 1716 sed
1736 1674 1921 1717 interest

459 1742 624 1792 <inter>
665 1743 745 1785 hoc
787 1746 832 1785 et
874 1743 982 1785 illud
1015 1745 1126 1796 quod
1158 1743 1337 1786 dicimus
1368 1756 1423 1787 ne
1453 1744 1546 1800 fac,
1589 1746 1702 1797 quod
1732 1745 1814 1788 hoc
1843 1745 1920 1788 im-

579 1897 601 1932 8
634 1900 724 1940 Verg.
753 1901 833 1930 Aen.
860 1899 945 1937 HJ
1042 1897 1088 1932 15
1116 1901 1203 1931 Ηον.
1231 1900 1300 1931 Sat.
1327 1900 1353 1931 I
1373 1910 1403 1937 1,
1432 1910 1478 1941 94

579 2040 599 2073 1
627 2046 727 2072 acuto
757 2041 856 2072 Char.
882 2042 995 2072 Diem.
1023 2046 1188 2082 acutoque
1214 2042 1241 2073 S
1314 2039 1335 2074 2
1361 2047 1471 2073 autern
1497 2043 1581 2074 Keil
1601 2053 1617 2074 e
1645 2042 1745 2074 Char.
1770 2043 1885 2074 Diam.
1916 2046 1917 2085 Ι

454 2106 531 2142 post
561 2101 732 2141 quomodo
766 2101 842 2132 add.
878 2101 978 2132 Char.
1013 2106 1043 2132 et
1074 2102 1186 2132 Diem.
1222 2095 1279 2132 ‘ut
1311 2102 1405 2142 apud
1429 2101 1612 2133 Ciceronem
1648 2095 1711 2133 “ut
1740 2103 1922 2134 sustinuit?

461 2161 560 2191 immo
585 2171 661 2191 vero
687 2165 726 2191 ut
749 2153 984 2201 contempsz't!”
1012 2160 1107 2200 (Mil.
1134 2170 1190 2200 24,
1219 2161 1280 2201 64)
1314 2162 1353 2192 id
1374 2166 1420 2192 est
1443 2154 1626 2202 quomodo.³
1769 2159 1792 2193 3
1829 2162 1923 2203 quod

462 2223 510 2250 est
543 2219 632 2260 apud
667 2229 784 2259 grecos
817 2220 913 2250 inaut
946 2219 1105 2261 recipitur
1138 2220 1258 2261 optiua
1290 2220 1316 2250 S
1354 2220 1445 2261 quod
1480 2224 1528 2251 est
1558 2214 1615 2253 ἵνα
1649 2220 1738 2262 apud
1772 2220 1922 2253 Graecos

462 2279 582 2320 recipit
623 2279 775 2320 optativa
819 2279 919 2310 Caar.
963 2279 1054 2320 quod
1095 2284 1143 2310 est
1182 2279 1273 2320 apud
1305 2279 1455 2311 Graecos
1484 2274 1540 2312 ἵνα
1573 2280 1740 2321 accipitur
1770 2280 1924 2322 optativa

463 2337 583 2379 recipit
614 2339 727 2369 Diem.
761 2349 846 2369 corr.
880 2339 963 2370 Keil
1110 2336 1133 2370 4
1175 2343 1206 2369 et
1240 2350 1301 2369 om.
1338 2339 1437 2370 Char.
1472 2336 1477 2380 Ι
1511 2343 1611 2370 acuto
1643 2345 1786 2371 accentu
1822 2339 1922 2371 Char.

463 2396 485 2429 6
510 2397 648 2428 formari
674 2398 820 2428 relativa
849 2398 948 2429 Char.
976 2398 1089 2429 Diam.
1235 2396 1279 2430 11
1322 2399 1439 2429 venias
1467 2398 1567 2430 Char.
1602 2396 1606 2441 Ι
1641 2399 1724 2430 item
1750 2410 1792 2430 ne
1821 2399 1922 2431 Char.

464 2457 575 2487 Diom.
599 2454 604 2499 Ι
627 2462 766 2488 accentu
792 2468 878 2488 corr.
906 2461 1024 2488 accuto
1051 2458 1078 2488 S
1098 2461 1197 2488 acuto
1221 2462 1360 2488 accentu
1383 2458 1482 2489 Char.
1500 2458 1614 2489 Diom.
1641 2463 1781 2490 accentu
1798 2457 1923 2490 elatum

464 2516 664 2556 imperativa
691 2516 811 2557 recipit
835 2517 948 2547 Diom.
1071 2514 1116 2548 12
1142 2517 1195 2547 fac
1224 2517 1323 2548 Clzar.
1349 2518 1462 2548 Diem.
1489 2517 1596 2549 facias
1621 2517 1648 2548 S
1756 2515 1802 2550 13
1827 2522 1922 2559 opta-

465 2575 533 2605 tiva
559 2575 681 2616 recipit
710 2576 808 2606 Char.
836 2576 949 2606 Diam.
1072 2573 1118 2608 14
1159 2580 1195 2606 ut
1224 2576 1324 2607 Char.
1350 2577 1464 2607 Diam.
1491 2576 1538 2607 ait
1564 2577 1591 2608 S
1707 2575 1754 2609 16
1790 2576 1924 2608 ῦωὶῐωε

467 2634 600 2674 quidem
628 2635 654 2664 S
676 2635 856 2665 Numidius
881 2636 995 2666 Diem.
1141 2633 1184 2667 17
1224 2645 1304 2666 vero
1331 2636 1357 2667 S
1378 2636 1492 2668 Diam.
1518 2641 1628 2667 autem
1658 2635 1758 2667 Char.
1789 2633 1794 2678 Ι
1822 2640 1923 2666 acuto

467 2699 607 2724 accentu
637 2694 737 2724 Clzar.
764 2695 875 2725 Diam.
1014 2693 1059 2727 19
1087 2694 1175 2725 inter
1201 2695 1276 2726 add.
1307 2695 1406 2726 Char.
1434 2696 1546 2726 Diom.
1571 2693 1575 2737 Ι
1598 2695 1747 2726 diximus
1771 2695 1886 2726 Diam.
1917 2692 1920 2737 Ι

467 2751 519 2782 sac
549 2752 648 2783 Char.
674 2753 786 2783 Diam.
815 2753 918 2784 facias
945 2754 971 2784 S
