2164 3471
1594 341 1648 381 45

186 470 220 502 p.
246 467 326 498 400.
354 467 418 497 401
450 459 494 491 K.

185 532 288 572 sunt
324 529 421 581 <in>
463 529 619 582 quibus
660 533 834 573 tantum
875 532 1038 584 gradus
1079 530 1375 583 superlativus
1415 530 1650 583 invenitur,

185 606 236 644 ut
266 600 526 644 novissimus
548 613 748 644 summus.
802 603 1014 654 quaedam
1036 606 1138 644 sunt
1161 614 1273 653 quae
1295 601 1479 644 diversis
1500 601 1651 655 figuris

185 674 231 716 in
263 672 539 715 collationem
577 672 784 728 veniunt,
828 676 879 715 ut
916 673 1056 716 malus
1088 674 1210 726 peior
1240 674 1472 727 pessimus,
1513 674 1651 715 bonus

185 744 338 788 melior
358 744 565 797 optimus:
597 744 665 787 his
688 744 800 787 enim
822 757 900 798 per
922 757 1067 788 omnes
1089 750 1180 788 tres
1201 746 1363 799 gradus
1386 744 1651 797 comparatio

139 832 160 866 5
186 816 408 870 processit,
439 828 520 858 nee
550 820 700 859 tamen
731 829 862 859 unam
893 816 1076 859 formam
1108 817 1293 860 nominis
1324 819 1488 859 tenent.
1550 819 1653 858 sunt

186 888 277 931 alia
307 887 512 931 absoluta
543 901 656 940 quae
687 887 807 930 nullo
840 888 1012 940 quidem
1034 890 1174 942 gradu
1197 888 1442 930 collationis
1462 887 1651 941 figuran-

185 963 271 1015 tur,
302 959 521 1013 recipiunt
552 963 699 1002 tamen
733 959 1019 1013 collationem,
1051 961 1089 1002 si
1119 960 1208 1002 illis
1236 960 1375 1013 magis
1397 959 1652 1002 adverbium

185 1033 408 1086 iungatur,
439 1035 489 1073 ut
520 1031 661 1085 magis
691 1031 823 1084 rudis,
855 1032 995 1086 magis
1026 1032 1133 1086 pius,
1166 1034 1212 1074 et
1232 1031 1419 1073 maxime
1440 1030 1652 1084 similiter,

187 1103 300 1146 sicut
332 1115 356 1145 e
386 1103 605 1146 contrario
636 1103 777 1145 minus
810 1107 855 1146 et
886 1103 1060 1146 minime
1092 1105 1321 1145 adduntur.

117 1260 161 1295 10
306 1247 521 1289 XXVIII.
584 1247 760 1290 Utimur
802 1250 949 1289 autem
987 1248 1129 1300 gradu
1172 1246 1566 1299 comparativorum
1608 1246 1653 1286 in

186 1331 296 1378 uno·
314 1322 360 1361 et
402 1318 543 1361 altero
584 1331 719 1371 prope
757 1318 1015 1371 aequalibus
1053 1331 1105 1361 ae
1136 1318 1348 1360 similibus
1380 1316 1496 1371 (nam
1528 1316 1651 1358 dissi-

186 1390 353 1433 milium
385 1390 652 1443 comparatio
684 1389 805 1432 nulla
839 1389 946 1445 est),
988 1394 1039 1432 ut
1068 1390 1124 1431 ‘hi
1156 1390 1238 1432 duo
1269 1389 1357 1431 viri
1388 1388 1546 1440 fortes,
1579 1389 1654 1430 sed

185 1463 259 1507 hic
301 1462 443 1506 altero
475 1461 653 1504 fortior'.
716 1462 821 1504 item
854 1461 1179 1514 comparativus
1212 1462 1374 1515 gradus
1406 1464 1451 1503 et
1481 1460 1549 1501 his
1581 1459 1655 1511 qui

186 1535 256 1578 sui
286 1534 461 1589 generis
493 1536 596 1576 sunt
628 1536 673 1575 et
704 1533 773 1575 his
806 1533 881 1586 qui
913 1533 1097 1575 alterius
1129 1536 1232 1575 sunt
1263 1534 1561 1585 comparatur,
1606 1535 1655 1573 ut

118 1618 162 1653 15
188 1619 324 1660 equus
353 1605 544 1650 velocior
576 1617 686 1657 equo
717 1605 889 1658 dieitur,
922 1605 997 1657 qui
1029 1604 1218 1647 eiusdem
1246 1604 1418 1657 generis
1441 1606 1518 1657 est,
1549 1602 1654 1645 item

187 1677 378 1723 velocior
409 1689 528 1731 eane,
562 1678 637 1730 qui
668 1677 850 1720 alterius
871 1676 1044 1730 generis
1068 1677 1081 1730 ΙΙ
1105 1680 1182 1718 est.
1234 1674 1528 1728 superlativus
1549 1686 1653 1717 vero

188 1749 257 1793 his
298 1752 472 1792 tantum
504 1749 579 1802 qui
610 1749 677 1792 sui
707 1748 882 1803 generis
914 1751 1016 1790 sunt
1046 1747 1342 1800 praeponitur.
1405 1759 1505 1788 nam
1536 1745 1653 1788 velo-

189 1821 386 1864 cissimus
432 1833 568 1874 equus
611 1833 697 1863 non
744 1820 926 1873 dieitur,
973 1819 1058 1861 nisi
1105 1819 1225 1872 equis
1267 1821 1544 1871 comparatus
1585 1818 1654 1859 sit.

188 1893 340 1946 itaque
371 1892 668 1946 superlativus
699 1893 863 1946 gradus
896 1894 973 1934 aut
1004 1891 1200 1934 omnibus
1232 1890 1300 1932 sui
1330 1889 1504 1943 generis
1530 1901 1654 1942 prae-

117 1976 164 2012 20
188 1965 388 2020 ponitur,
437 1967 488 2007 ut
526 1968 558 2006 ‘0
600 1963 817 2006 Danaum
858 1962 1094 2017 fortissime
1132 1960 1275 2016 yemis
1321 1960 1530 2015 Tydidesz
1578 1964 1656 2002 aut

311 2143 358 2178 20
391 2146 481 2187 Verg.
508 2147 588 2177 Aen.
617 2146 641 2176 I
661 2145 761 2186 qbsq.

311 2300 332 2333 1
359 2302 395 2332 in
421 2302 496 2332 add.
523 2301 606 2332 Keil
716 2298 737 2331 2
772 2309 920 2330 summus
947 2310 999 2340 ego
1026 2299 1069 2339 cy]
1100 2298 1223 2329 Comin.
1253 2307 1320 2336 130⁹
1346 2305 1519 2337 supremus
1546 2295 1573 2326 S
1593 2306 1654 2326 om.

191 2359 312 2403 HM}
335 2371 356 2391 a
380 2360 523 2392 diuersis
549 2371 577 2392 ω
604 2360 745 2390 diversis
774 2359 872 2390 Clzar.
899 2359 983 2389 Exc.
1083 2356 1104 2389 3
1131 2356 1450 2398 malus—pessimus
1476 2366 1538 2386 om.
1563 2355 1663 2385 HM

192 2419 216 2454 4
241 2421 390 2462 optimus
415 2432 477 2452 om.
504 2420 605 2451 HM
632 2418 635 2461 Ι
665 2419 868 2460 comparitio
895 2419 921 2449 S
1038 2416 1059 2450 5
1097 2417 1155 2448 sed
1182 2422 1294 2447 tamen
1320 2426 1389 2446 non
1415 2419 1530 2446 tenent
1555 2425 1655 2444 unam

192 2481 337 2512 formam
362 2480 511 2511 nominis
535 2480 635 2511 HM
654 2478 761 2510 tenuit
790 2478 889 2510 Char.
916 2478 1001 2509 Exc.
1112 2475 1134 2509 6
1160 2476 1296 2518 quidem
1321 2475 1421 2506 HM
1444 2474 1543 2506 Clzar.
1570 2474 1655 2505 Exc.

194 2540 352 2582 equidem
378 2540 405 2571 S
439 2539 702 2582 comparationis
732 2538 831 2570 Char.
980 2535 997 2569 7
1042 2537 1069 2568 si
1096 2537 1144 2568 eis
1175 2536 1275 2567 HM
1299 2535 1367 2566 illis
1393 2535 1419 2565 S
1444 2534 1543 2565 Char.
1569 2533 1655 2564 Exc.

193 2598 216 2634 8
250 2605 329 2642 post
368 2600 527 2640 iungatur
569 2599 644 2630 add.
684 2603 715 2629 et
753 2598 898 2628 maxime
936 2597 1021 2628 Exc.
1061 2595 1064 2639 1
1103 2601 1139 2627 ut
1178 2596 1286 2636 magis
1325 2599 1356 2626 et
1393 2593 1540 2624 maxime
1579 2593 1656 2634 pius

192 2661 239 2692 H
244 2660 295 2692 M
384 2658 406 2692 9
433 2670 450 2689 e
480 2658 580 2691 Char.
607 2659 692 2689 Exc.
719 2669 780 2689 om.
809 2658 835 2688 S
857 2668 898 2687 ex
923 2657 967 2687 H
975 2654 1042 2697 M!
1065 2656 1255 2687 adiciuntur
1280 2656 1325 2686 H
1332 2655 1381 2686 M
1471 2651 1517 2685 10
1542 2657 1656 2683 autem

194 2731 256 2752 om.
283 2719 310 2750 S
408 2717 453 2751 11
481 2718 681 2749 disimilium
706 2718 751 2748 H
842 2714 888 2748 13
915 2715 1037 2756 gradus
1063 2727 1126 2746 om.
1157 2715 1255 2746 Char.
1354 2711 1400 2746 14
1427 2712 1576 2744 eiusdem
1603 2721 1658 2751 ge-

194 2779 284 2810 neris
308 2779 408 2810 HM
498 2775 544 2811 18
570 2778 614 2809 sit
639 2788 700 2808 om.
731 2777 830 2808 Char.
859 2777 942 2807 Exc.
1042 2773 1088 2807 20
1113 2775 1319 2805 fortissimae
1346 2773 1454 2814 gentis
1471 2770 1655 2805 ΤΥΤΙΔΕΣ

196 2839 223 2870 S
244 2838 397 2880 Tydides
423 2850 484 2869 om.
511 2838 611 2868 HM
