<?xml version="1.0" encoding="UTF-8"?>
<!DOCTYPE html PUBLIC "-//W3C//DTD XHTML 1.0 Transitional//EN"
    "http://www.w3.org/TR/xhtml1/DTD/xhtml1-transitional.dtd">
<html xmlns="http://www.w3.org/1999/xhtml" xml:lang="en" lang="en">
 <head>
  <title>
</title>
<meta http-equiv="Content-Type" content="text/html;charset=utf-8" />
  <meta name='ocr-system' content='tesseract 3.04.00' />
  <meta name='ocr-capabilities' content='ocr_page ocr_carea ocr_par ocr_line ocrx_word'/>
</head>
<body>
  <div class='ocr_page' id='page_1' title='image "./arsgrammaticarec00dosiuoft_0115.png"; bbox 0 0 2132 3471; ppageno 0'>
   <div class='ocr_carea' id='block_1_1' title="bbox 1603 326 1657 367">
    <p class='ocr_par' dir='ltr' id='par_1_1' title="bbox 1603 326 1657 367">
     <span class='ocr_line' id='line_1_1' title="bbox 1603 326 1657 367; baseline 0 0"><span class='ocrx_word' id='word_1_1' title='bbox 1603 326 1657 367; x_wconf 82' lang='lat'>93</span> 
     </span>
    </p>
   </div>
   <div class='ocr_carea' id='block_1_2' title="bbox 143 448 1661 929">
    <p class='ocr_par' dir='ltr' id='par_1_2' title="bbox 192 448 392 491">
     <span class='ocr_line' id='line_1_2' title="bbox 192 448 392 491; baseline -0.005 -9"><span class='ocrx_word' id='word_1_2' title='bbox 192 460 225 491; x_wconf 89' lang='lat' dir='ltr'>p.</span> <span class='ocrx_word' id='word_1_3' title='bbox 252 449 319 487; x_wconf 87' lang='lat'>428</span> <span class='ocrx_word' id='word_1_4' title='bbox 348 448 392 481; x_wconf 87' lang='lat' dir='ltr'>K.</span> 
     </span>
    </p>

    <p class='ocr_par' dir='ltr' id='par_1_3' title="bbox 188 515 1660 571">
     <span class='ocr_line' id='line_1_3' title="bbox 188 515 1660 571; baseline -0.003 -9"><span class='ocrx_word' id='word_1_5' title='bbox 188 519 307 562; x_wconf 88' lang='lat' dir='ltr'>ticon</span> <span class='ocrx_word' id='word_1_6' title='bbox 348 517 594 571; x_wconf 86' lang='lat' dir='ltr'>appellant,</span> <span class='ocrx_word' id='word_1_7' title='bbox 636 517 682 559; x_wconf 88' lang='lat' dir='ltr'>in</span> <span class='ocrx_word' id='word_1_8' title='bbox 724 529 806 569; x_wconf 89' lang='lat' dir='ltr'>quo</span> <span class='ocrx_word' id='word_1_9' title='bbox 848 520 980 570; x_wconf 85' lang='lat' dir='ltr'>poeta</span> <span class='ocrx_word' id='word_1_10' title='bbox 1023 517 1117 571; x_wconf 87' lang='lat' dir='ltr'>ipse</span> <span class='ocrx_word' id='word_1_11' title='bbox 1157 517 1353 569; x_wconf 88' lang='lat' dir='ltr'>loquitur</span> <span class='ocrx_word' id='word_1_12' title='bbox 1395 517 1488 558; x_wconf 89' lang='lat' dir='ltr'>sine</span> <span class='ocrx_word' id='word_1_13' title='bbox 1528 515 1660 558; x_wconf 92' lang='lat' dir='ltr'>ullius</span> 
     </span>
    </p>

    <p class='ocr_par' dir='ltr' id='par_1_4' title="bbox 189 587 1659 644">
     <span class='ocr_line' id='line_1_4' title="bbox 189 587 1659 644; baseline -0.003 -11"><span class='ocrx_word' id='word_1_14' title='bbox 189 602 399 644; x_wconf 83' lang='lat' dir='ltr'>personae</span> <span class='ocrx_word' id='word_1_15' title='bbox 439 588 798 643; x_wconf 77' lang='lat' dir='ltr'>interlocutione,</span> <span class='ocrx_word' id='word_1_16' title='bbox 839 593 889 631; x_wconf 91' lang='lat' dir='ltr'>ut</span> <span class='ocrx_word' id='word_1_17' title='bbox 931 601 977 632; x_wconf 88' lang='lat' dir='ltr'>se</span> <span class='ocrx_word' id='word_1_18' title='bbox 1008 589 1174 631; x_wconf 88' lang='lat' dir='ltr'>habent</span> <span class='ocrx_word' id='word_1_19' title='bbox 1205 592 1298 631; x_wconf 88' lang='lat' dir='ltr'>tres</span> <span class='ocrx_word' id='word_1_20' title='bbox 1329 588 1433 630; x_wconf 86' lang='lat' dir='ltr'>libri</span> <span class='ocrx_word' id='word_1_21' title='bbox 1465 587 1659 642; x_wconf 81' lang='lat' dir='ltr'>georgici</span> 
     </span>
    </p>

    <p class='ocr_par' dir='ltr' id='par_1_5' title="bbox 190 660 1660 715">
     <span class='ocr_line' id='line_1_5' title="bbox 190 660 1660 715; baseline -0.003 -10"><span class='ocrx_word' id='word_1_22' title='bbox 190 665 236 705; x_wconf 90' lang='lat' dir='ltr'>et</span> <span class='ocrx_word' id='word_1_23' title='bbox 266 674 369 715; x_wconf 87' lang='lat' dir='ltr'>pars</span> <span class='ocrx_word' id='word_1_24' title='bbox 389 660 530 714; x_wconf 89' lang='lat' dir='ltr'>prima</span> <span class='ocrx_word' id='word_1_25' title='bbox 552 660 711 714; x_wconf 89' lang='lat' dir='ltr'>quarti,</span> <span class='ocrx_word' id='word_1_26' title='bbox 742 660 849 703; x_wconf 86' lang='lat' dir='ltr'>item</span> <span class='ocrx_word' id='word_1_27' title='bbox 870 660 1068 703; x_wconf 88' lang='lat' dir='ltr'>Lucretii</span> <span class='ocrx_word' id='word_1_28' title='bbox 1090 660 1304 712; x_wconf 83' lang='lat' dir='ltr'>carmina3</span> <span class='ocrx_word' id='word_1_29' title='bbox 1338 662 1417 701; x_wconf 91' lang='lat' dir='ltr'>aut</span> <span class='ocrx_word' id='word_1_30' title='bbox 1439 671 1660 702; x_wconf 89' lang='lat' dir='ltr'>commune</span> 
     </span>
    </p>

    <p class='ocr_par' dir='ltr' id='par_1_6' title="bbox 143 730 1660 859">
     <span class='ocr_line' id='line_1_6' title="bbox 189 730 1660 792; baseline -0.003 -14"><span class='ocrx_word' id='word_1_31' title='bbox 189 733 262 778; x_wconf 84' lang='lat' dir='ltr'>vel</span> <span class='ocrx_word' id='word_1_32' title='bbox 293 732 490 786; x_wconf 82' lang='lat' dir='ltr'>mixtum,</span> <span class='ocrx_word' id='word_1_33' title='bbox 523 733 636 785; x_wconf 89' lang='lat' dir='ltr'>quod</span> <span class='ocrx_word' id='word_1_34' title='bbox 666 744 826 786; x_wconf 85' lang='lat' dir='ltr'>graece</span> <span class='ocrx_word' id='word_1_35' title='bbox 857 736 987 777; x_wconf 76' lang='grc' dir='ltr'>κοινόν</span> <span class='ocrx_word' id='word_1_36' title='bbox 1018 732 1090 775; x_wconf 87' lang='lat' dir='ltr'>vel</span> <span class='ocrx_word' id='word_1_37' title='bbox 1123 736 1262 792; x_wconf 74' lang='grc' dir='ltr'>μικτόν</span> <span class='ocrx_word' id='word_1_38' title='bbox 1295 730 1467 785; x_wconf 88' lang='lat' dir='ltr'>dicitur,</span> <span class='ocrx_word' id='word_1_39' title='bbox 1499 731 1545 773; x_wconf 90' lang='lat' dir='ltr'>in</span> <span class='ocrx_word' id='word_1_40' title='bbox 1577 743 1660 783; x_wconf 87' lang='lat' dir='ltr'>quo</span> 
     </span>
     <span class='ocr_line' id='line_1_7' title="bbox 143 802 1660 859; baseline -0.003 -10"><span class='ocrx_word' id='word_1_41' title='bbox 143 816 164 850; x_wconf 89' lang='lat'>5</span> <span class='ocrx_word' id='word_1_42' title='bbox 189 808 322 859; x_wconf 88' lang='lat' dir='ltr'>poeta</span> <span class='ocrx_word' id='word_1_43' title='bbox 360 804 455 857; x_wconf 89' lang='lat' dir='ltr'>ipse</span> <span class='ocrx_word' id='word_1_44' title='bbox 495 802 690 856; x_wconf 87' lang='lat' dir='ltr'>loquitur</span> <span class='ocrx_word' id='word_1_45' title='bbox 732 806 777 845; x_wconf 90' lang='grc' dir='ltr'>θῖ</span> <span class='ocrx_word' id='word_1_46' title='bbox 808 815 1019 856; x_wconf 82' lang='lat' dir='ltr'>personae</span> <span class='ocrx_word' id='word_1_47' title='bbox 1051 803 1278 856; x_wconf 88' lang='lat' dir='ltr'>loquentes</span> <span class='ocrx_word' id='word_1_48' title='bbox 1308 803 1660 853; x_wconf 86' lang='lat' dir='ltr'>introducuntur,</span> 
     </span>
    </p>

    <p class='ocr_par' dir='ltr' id='par_1_7' title="bbox 190 873 1661 929">
     <span class='ocr_line' id='line_1_8' title="bbox 190 873 1661 929; baseline -0.003 -9"><span class='ocrx_word' id='word_1_49' title='bbox 190 879 241 920; x_wconf 90' lang='lat' dir='ltr'>ut</span> <span class='ocrx_word' id='word_1_50' title='bbox 271 879 390 927; x_wconf 89' lang='lat' dir='ltr'>&lt;est&gt;</span> <span class='ocrx_word' id='word_1_51' title='bbox 416 875 582 928; x_wconf 87' lang='lat' dir='ltr'>scripta</span> <span class='ocrx_word' id='word_1_52' title='bbox 604 875 711 918; x_wconf 77' lang='lat' dir='ltr'>ilias</span> <span class='ocrx_word' id='word_1_53' title='bbox 734 877 779 917; x_wconf 90' lang='lat' dir='ltr'>et</span> <span class='ocrx_word' id='word_1_54' title='bbox 802 874 987 929; x_wconf 82' lang='lat' dir='ltr'>Odyssia</span> <span class='ocrx_word' id='word_1_55' title='bbox 1009 874 1188 917; x_wconf 86' lang='lat' dir='ltr'>Homeri</span> <span class='ocrx_word' id='word_1_56' title='bbox 1211 877 1256 917; x_wconf 88' lang='lat' dir='ltr'>et</span> <span class='ocrx_word' id='word_1_57' title='bbox 1278 874 1439 917; x_wconf 89' lang='lat' dir='ltr'>Aeneis</span> <span class='ocrx_word' id='word_1_58' title='bbox 1463 873 1661 928; x_wconf 75' lang='lat' dir='ltr'>Vergilii.</span> 
     </span>
    </p>
   </div>
   <div class='ocr_carea' id='block_1_3' title="bbox 190 1018 1662 1216">
    <p class='ocr_par' dir='ltr' id='par_1_8' title="bbox 190 1018 1662 1216">
     <span class='ocr_line' id='line_1_9' title="bbox 310 1018 1660 1062; baseline -0.001 -1"><span class='ocrx_word' id='word_1_59' title='bbox 310 1018 449 1061; x_wconf 90' lang='lat' dir='ltr'>LXX.</span> <span class='ocrx_word' id='word_1_60' title='bbox 518 1018 756 1062; x_wconf 87' lang='lat' dir='ltr'>Distinctio</span> <span class='ocrx_word' id='word_1_61' title='bbox 800 1022 869 1062; x_wconf 88' lang='grc' dir='ltr'>θεῖ</span> <span class='ocrx_word' id='word_1_62' title='bbox 910 1018 1074 1061; x_wconf 90' lang='lat' dir='ltr'>silentii</span> <span class='ocrx_word' id='word_1_63' title='bbox 1115 1022 1221 1060; x_wconf 82' lang='lat' dir='ltr'>nota</span> <span class='ocrx_word' id='word_1_64' title='bbox 1264 1029 1356 1059; x_wconf 89' lang='lat' dir='ltr'>cum</span> <span class='ocrx_word' id='word_1_65' title='bbox 1400 1029 1531 1059; x_wconf 90' lang='lat' dir='ltr'>sensu</span> <span class='ocrx_word' id='word_1_66' title='bbox 1571 1020 1660 1059; x_wconf 90' lang='lat' dir='ltr'>ter-</span> 
     </span>
     <span class='ocr_line' id='line_1_10' title="bbox 190 1090 1661 1144; baseline -0.002 -11"><span class='ocrx_word' id='word_1_67' title='bbox 190 1090 368 1133; x_wconf 91' lang='lat' dir='ltr'>minato.</span> <span class='ocrx_word' id='word_1_68' title='bbox 429 1090 558 1133; x_wconf 83' lang='lat' dir='ltr'>huius</span> <span class='ocrx_word' id='word_1_69' title='bbox 601 1095 747 1134; x_wconf 88' lang='lat' dir='ltr'>autem</span> <span class='ocrx_word' id='word_1_70' title='bbox 785 1090 955 1144; x_wconf 91' lang='lat' dir='ltr'>signum</span> <span class='ocrx_word' id='word_1_71' title='bbox 988 1093 1055 1132; x_wconf 89' lang='lat' dir='ltr'>est</span> <span class='ocrx_word' id='word_1_72' title='bbox 1085 1092 1294 1142; x_wconf 88' lang='lat' dir='ltr'>punctum</span> <span class='ocrx_word' id='word_1_73' title='bbox 1325 1101 1458 1142; x_wconf 89' lang='lat' dir='ltr'>supra</span> <span class='ocrx_word' id='word_1_74' title='bbox 1489 1100 1661 1131; x_wconf 86' lang='lat' dir='ltr'>versum</span> 
     </span>
     <span class='ocr_line' id='line_1_11' title="bbox 190 1159 1662 1216; baseline -0.002 -12"><span class='ocrx_word' id='word_1_75' title='bbox 190 1162 389 1216; x_wconf 88' lang='lat' dir='ltr'>positum.</span> <span class='ocrx_word' id='word_1_76' title='bbox 451 1162 760 1205; x_wconf 77' lang='lat' dir='ltr'>subdistinctio</span> <span class='ocrx_word' id='word_1_77' title='bbox 803 1165 870 1205; x_wconf 97' lang='grc' dir='ltr'>θεῖ</span> <span class='ocrx_word' id='word_1_78' title='bbox 912 1161 1179 1204; x_wconf 88' lang='lat' dir='ltr'>diuturnitas</span> <span class='ocrx_word' id='word_1_79' title='bbox 1211 1161 1423 1213; x_wconf 89' lang='lat' dir='ltr'>quaedam</span> <span class='ocrx_word' id='word_1_80' title='bbox 1454 1159 1662 1213; x_wconf 88' lang='lat' dir='ltr'>temporis</span> 
     </span>
    </p>
   </div>
   <div class='ocr_carea' id='block_1_4' title="bbox 122 1231 1732 1286">
    <p class='ocr_par' dir='ltr' id='par_1_9' title="bbox 122 1231 1732 1286">
     <span class='ocr_line' id='line_1_12' title="bbox 122 1231 1732 1286; baseline -0.003 -6"><span class='ocrx_word' id='word_1_81' title='bbox 122 1244 166 1280; x_wconf 93' lang='lat'>10</span> <span class='ocrx_word' id='word_1_82' title='bbox 191 1234 394 1277; x_wconf 81' lang='lat' dir='ltr'>differens</span> <span class='ocrx_word' id='word_1_83' title='bbox 427 1233 668 1276; x_wconf 88' lang='lat' dir='ltr'>orationem</span> <span class='ocrx_word' id='word_1_84' title='bbox 694 1235 751 1276; x_wconf 91' lang='lat' dir='ltr'>ad</span> <span class='ocrx_word' id='word_1_85' title='bbox 772 1233 1019 1277; x_wconf 85' lang='lat' dir='ltr'>sententiae</span> <span class='ocrx_word' id='word_1_86' title='bbox 1041 1232 1312 1286; x_wconf 87' lang='lat' dir='ltr'>qualitatem.</span> <span class='ocrx_word' id='word_1_87' title='bbox 1363 1231 1491 1274; x_wconf 87' lang='lat' dir='ltr'>huius</span> <span class='ocrx_word' id='word_1_88' title='bbox 1514 1234 1661 1273; x_wconf 92' lang='lat' dir='ltr'>autem</span> <span class='ocrx_word' id='word_1_89' title='bbox 1711 1242 1732 1275; x_wconf 87' lang='lat'><strong>3</strong></span> 
     </span>
    </p>
   </div>
   <div class='ocr_carea' id='block_1_5' title="bbox 122 1303 1662 2004">
    <p class='ocr_par' dir='ltr' id='par_1_10' title="bbox 191 1303 1588 1360">
     <span class='ocr_line' id='line_1_13' title="bbox 191 1303 1588 1360; baseline -0.003 -11"><span class='ocrx_word' id='word_1_90' title='bbox 191 1305 414 1360; x_wconf 88' lang='lat' dir='ltr'>&lt;signum&gt;</span> <span class='ocrx_word' id='word_1_91' title='bbox 446 1308 515 1348; x_wconf 88' lang='lat' dir='ltr'>est</span> <span class='ocrx_word' id='word_1_92' title='bbox 544 1309 753 1358; x_wconf 91' lang='lat' dir='ltr'>punctum</span> <span class='ocrx_word' id='word_1_93' title='bbox 785 1306 864 1348; x_wconf 90' lang='lat' dir='ltr'>sub</span> <span class='ocrx_word' id='word_1_94' title='bbox 897 1317 1028 1349; x_wconf 83' lang='lat' dir='ltr'>versu</span> <span class='ocrx_word' id='word_1_95' title='bbox 1058 1304 1257 1358; x_wconf 88' lang='lat' dir='ltr'>positum,</span> <span class='ocrx_word' id='word_1_96' title='bbox 1289 1306 1339 1346; x_wconf 89' lang='lat' dir='ltr'>nt</span> <span class='ocrx_word' id='word_1_97' title='bbox 1371 1306 1438 1346; x_wconf 88' lang='grc' dir='ltr'>θεῖ</span> <span class='ocrx_word' id='word_1_98' title='bbox 1468 1303 1588 1358; x_wconf 81' lang='lat' dir='ltr'>illud,</span> 
     </span>
    </p>

    <p class='ocr_par' dir='ltr' id='par_1_11' title="bbox 269 1374 1660 1573">
     <span class='ocr_line' id='line_1_14' title="bbox 269 1374 1426 1430; baseline -0.003 -11"><span class='ocrx_word' id='word_1_99' title='bbox 269 1401 271 1403; x_wconf 96' lang='lat'>·</span> <span class='ocrx_word' id='word_1_100' title='bbox 313 1379 354 1419; x_wconf 74' lang='lat' dir='ltr'>et</span> <span class='ocrx_word' id='word_1_101' title='bbox 382 1375 422 1418; x_wconf 70' lang='lat' dir='ltr'>si</span> <span class='ocrx_word' id='word_1_102' title='bbox 452 1375 551 1430; x_wconf 76' lang='lat' dir='ltr'>fata</span> <span class='ocrx_word' id='word_1_103' title='bbox 583 1376 727 1430; x_wconf 75' lang='lat' dir='ltr'>deum,</span> <span class='ocrx_word' id='word_1_104' title='bbox 758 1376 798 1419; x_wconf 71' lang='lat' dir='ltr'>si</span> <span class='ocrx_word' id='word_1_105' title='bbox 829 1390 950 1418; x_wconf 71' lang='lat' dir='ltr'>mens</span> <span class='ocrx_word' id='word_1_106' title='bbox 981 1389 1073 1418; x_wconf 75' lang='lat' dir='ltr'>non</span> <span class='ocrx_word' id='word_1_107' title='bbox 1105 1375 1227 1417; x_wconf 69' lang='lat' dir='ltr'>laeva</span> <span class='ocrx_word' id='word_1_108' title='bbox 1258 1374 1426 1429; x_wconf 72' lang='lat' dir='ltr'>fuisset,</span> 
     </span>
     <span class='ocr_line' id='line_1_15' title="bbox 312 1445 1413 1503; baseline -0.002 -14"><span class='ocrx_word' id='word_1_109' title='bbox 312 1447 555 1502; x_wconf 70' lang='lat' dir='ltr'>impulerat</span> <span class='ocrx_word' id='word_1_110' title='bbox 583 1448 702 1502; x_wconf 77' lang='lat' dir='ltr'>ferro</span> <span class='ocrx_word' id='word_1_111' title='bbox 735 1447 966 1503; x_wconf 68' lang='lat' dir='ltr'>Aryolicas</span> <span class='ocrx_word' id='word_1_112' title='bbox 996 1447 1173 1502; x_wconf 76' lang='lat' dir='ltr'>foedare</span> <span class='ocrx_word' id='word_1_113' title='bbox 1206 1445 1413 1499; x_wconf 74' lang='lat' dir='ltr'>latebra33</span> 
     </span>
     <span class='ocr_line' id='line_1_16' title="bbox 318 1517 1660 1573; baseline -0.003 -11"><span class='ocrx_word' id='word_1_114' title='bbox 318 1519 538 1573; x_wconf 70' lang='lat' dir='ltr'>Troiaque</span> <span class='ocrx_word' id='word_1_115' title='bbox 574 1533 698 1562; x_wconf 71' lang='lat' dir='ltr'>nunc</span> <span class='ocrx_word' id='word_1_116' title='bbox 730 1523 880 1571; x_wconf 74' lang='lat' dir='ltr'>staret,</span> <span class='ocrx_word' id='word_1_117' title='bbox 919 1519 1182 1572; x_wconf 58' lang='lat' dir='ltr'>Priamique</span> <span class='ocrx_word' id='word_1_118' title='bbox 1215 1531 1299 1560; x_wconf 68' lang='lat' dir='ltr'>ara:</span> <span class='ocrx_word' id='word_1_119' title='bbox 1331 1517 1420 1559; x_wconf 75' lang='grc' dir='ltr'><em>αἷΐα</em></span> <span class='ocrx_word' id='word_1_120' title='bbox 1454 1520 1660 1559; x_wconf 73' lang='lat' dir='ltr'>maneret.</span> 
     </span>
    </p>

    <p class='ocr_par' dir='ltr' id='par_1_12' title="bbox 123 1589 1662 1932">
     <span class='ocr_line' id='line_1_17' title="bbox 123 1589 1661 1643; baseline -0.004 -6"><span class='ocrx_word' id='word_1_121' title='bbox 123 1603 166 1638; x_wconf 88' lang='lat'>15</span> <span class='ocrx_word' id='word_1_122' title='bbox 191 1604 278 1635; x_wconf 93' lang='lat' dir='ltr'>non</span> <span class='ocrx_word' id='word_1_123' title='bbox 308 1591 422 1634; x_wconf 86' lang='lat' dir='ltr'>enim</span> <span class='ocrx_word' id='word_1_124' title='bbox 449 1592 652 1635; x_wconf 89' lang='lat' dir='ltr'>similiter</span> <span class='ocrx_word' id='word_1_125' title='bbox 672 1595 723 1634; x_wconf 93' lang='lat' dir='ltr'>ut</span> <span class='ocrx_word' id='word_1_126' title='bbox 743 1592 789 1634; x_wconf 93' lang='lat' dir='ltr'>in</span> <span class='ocrx_word' id='word_1_127' title='bbox 812 1591 1091 1634; x_wconf 88' lang='lat' dir='ltr'>distinctione</span> <span class='ocrx_word' id='word_1_128' title='bbox 1114 1590 1335 1633; x_wconf 86' lang='lat' dir='ltr'>silentium</span> <span class='ocrx_word' id='word_1_129' title='bbox 1355 1589 1661 1643; x_wconf 86' lang='lat' dir='ltr'>interpositum</span> 
     </span>
     <span class='ocr_line' id='line_1_18' title="bbox 192 1661 1662 1717; baseline -0.003 -11"><span class='ocrx_word' id='word_1_130' title='bbox 192 1666 342 1706; x_wconf 89' lang='lat' dir='ltr'>tacere</span> <span class='ocrx_word' id='word_1_131' title='bbox 381 1663 591 1717; x_wconf 86' lang='lat' dir='ltr'>permisit.</span> <span class='ocrx_word' id='word_1_132' title='bbox 653 1664 797 1706; x_wconf 85' lang='lat' dir='ltr'>media</span> <span class='ocrx_word' id='word_1_133' title='bbox 827 1663 899 1707; x_wconf 83' lang='lat' dir='ltr'>vel</span> <span class='ocrx_word' id='word_1_134' title='bbox 931 1675 1051 1706; x_wconf 89' lang='lat' dir='ltr'>mora</span> <span class='ocrx_word' id='word_1_135' title='bbox 1084 1666 1151 1705; x_wconf 89' lang='lat' dir='ltr'>est</span> <span class='ocrx_word' id='word_1_136' title='bbox 1182 1661 1404 1704; x_wconf 85' lang='lat' dir='ltr'>silentium</span> <span class='ocrx_word' id='word_1_137' title='bbox 1436 1661 1662 1715; x_wconf 90' lang='lat' dir='ltr'>legitimae</span> 
     </span>
     <span class='ocr_line' id='line_1_19' title="bbox 193 1733 1660 1787; baseline -0.003 -9"><span class='ocrx_word' id='word_1_138' title='bbox 193 1735 488 1778; x_wconf 84' lang='lat' dir='ltr'>distinctionis</span> <span class='ocrx_word' id='word_1_139' title='bbox 519 1734 1034 1787; x_wconf 88' lang='lat' dir='ltr'>&lt;subdistinctionis&gt;que</span> <span class='ocrx_word' id='word_1_140' title='bbox 1065 1734 1252 1776; x_wconf 89' lang='lat' dir='ltr'>medium</span> <span class='ocrx_word' id='word_1_141' title='bbox 1284 1733 1486 1775; x_wconf 90' lang='lat' dir='ltr'>obtinens</span> <span class='ocrx_word' id='word_1_142' title='bbox 1507 1733 1660 1786; x_wconf 87' lang='lat' dir='ltr'>locum,</span> 
     </span>
     <span class='ocr_line' id='line_1_20' title="bbox 193 1804 1659 1860; baseline -0.003 -10"><span class='ocrx_word' id='word_1_143' title='bbox 193 1819 306 1860; x_wconf 88' lang='lat' dir='ltr'>quae</span> <span class='ocrx_word' id='word_1_144' title='bbox 337 1807 419 1850; x_wconf 91' lang='lat' dir='ltr'>hoc</span> <span class='ocrx_word' id='word_1_145' title='bbox 449 1807 586 1849; x_wconf 92' lang='lat' dir='ltr'>solum</span> <span class='ocrx_word' id='word_1_146' title='bbox 617 1810 770 1850; x_wconf 84' lang='lat' dir='ltr'>servat</span> <span class='ocrx_word' id='word_1_147' title='bbox 793 1806 992 1860; x_wconf 85' lang='lat' dir='ltr'>officium,</span> <span class='ocrx_word' id='word_1_148' title='bbox 1024 1809 1075 1848; x_wconf 89' lang='lat' dir='ltr'>ut</span> <span class='ocrx_word' id='word_1_149' title='bbox 1096 1805 1283 1860; x_wconf 91' lang='lat' dir='ltr'>legentis</span> <span class='ocrx_word' id='word_1_150' title='bbox 1305 1804 1507 1858; x_wconf 88' lang='lat' dir='ltr'>spiritum</span> <span class='ocrx_word' id='word_1_151' title='bbox 1528 1804 1659 1847; x_wconf 83' lang='lat' dir='ltr'>levis-</span> 
     </span>
     <span class='ocr_line' id='line_1_21' title="bbox 193 1876 1660 1932; baseline -0.003 -11"><span class='ocrx_word' id='word_1_152' title='bbox 193 1879 304 1922; x_wconf 90' lang='lat' dir='ltr'>sima</span> <span class='ocrx_word' id='word_1_153' title='bbox 342 1878 634 1932; x_wconf 85' lang='lat' dir='ltr'>respiratione</span> <span class='ocrx_word' id='word_1_154' title='bbox 677 1878 879 1922; x_wconf 81' lang='lat' dir='ltr'>refoveat</span> <span class='ocrx_word' id='word_1_155' title='bbox 916 1882 961 1920; x_wconf 88' lang='lat' dir='ltr'>et</span> <span class='ocrx_word' id='word_1_156' title='bbox 992 1877 1172 1920; x_wconf 87' lang='lat' dir='ltr'>nutriat.</span> <span class='ocrx_word' id='word_1_157' title='bbox 1235 1877 1296 1920; x_wconf 92' lang='lat' dir='ltr'>sic</span> <span class='ocrx_word' id='word_1_158' title='bbox 1328 1876 1442 1918; x_wconf 89' lang='lat' dir='ltr'>enim</span> <span class='ocrx_word' id='word_1_159' title='bbox 1472 1888 1660 1929; x_wconf 88' lang='lat' dir='ltr'>pronun-</span> 
     </span>
    </p>

    <p class='ocr_par' dir='ltr' id='par_1_13' title="bbox 122 1947 1661 2004">
     <span class='ocr_line' id='line_1_22' title="bbox 122 1947 1661 2004; baseline -0.003 -11"><span class='ocrx_word' id='word_1_160' title='bbox 122 1961 168 1996; x_wconf 84' lang='lat'>20</span> <span class='ocrx_word' id='word_1_161' title='bbox 192 1950 345 1993; x_wconf 82' lang='lat' dir='ltr'>tiando</span> <span class='ocrx_word' id='word_1_162' title='bbox 376 1950 563 1993; x_wconf 86' lang='lat' dir='ltr'>reticere</span> <span class='ocrx_word' id='word_1_163' title='bbox 596 1951 691 2003; x_wconf 90' lang='lat' dir='ltr'>quis</span> <span class='ocrx_word' id='word_1_164' title='bbox 723 1951 875 2004; x_wconf 84' lang='lat' dir='ltr'>debet,</span> <span class='ocrx_word' id='word_1_165' title='bbox 921 1950 1063 2002; x_wconf 88' lang='lat' dir='ltr'>quoad</span> <span class='ocrx_word' id='word_1_166' title='bbox 1093 1949 1254 2002; x_wconf 88' lang='lat' dir='ltr'>spirat,</span> <span class='ocrx_word' id='word_1_167' title='bbox 1293 1948 1423 2000; x_wconf 84' lang='lat' dir='ltr'>&lt;quia</span> <span class='ocrx_word' id='word_1_168' title='bbox 1454 1947 1661 2000; x_wconf 85' lang='lat' dir='ltr'>spiritus&gt;</span> 
     </span>
    </p>
   </div>
   <div class='ocr_carea' id='block_1_6' title="bbox 314 2070 1267 2221">
    <p class='ocr_par' dir='ltr' id='par_1_14' title="bbox 314 2070 1267 2221">
     <span class='ocr_line' id='line_1_23' title="bbox 314 2070 1267 2112; baseline -0.003 -10"><span class='ocrx_word' id='word_1_169' title='bbox 314 2072 421 2105; x_wconf 88' lang='lat' dir='ltr'>LXX.</span> <span class='ocrx_word' id='word_1_170' title='bbox 471 2072 584 2103; x_wconf 83' lang='lat' dir='ltr'>Diom.</span> <span class='ocrx_word' id='word_1_171' title='bbox 611 2079 691 2111; x_wconf 64' lang='lat'>437,</span> <span class='ocrx_word' id='word_1_172' title='bbox 720 2080 895 2112; x_wconf 54' lang='lat'><em>20—4391</em></span> <span class='ocrx_word' id='word_1_173' title='bbox 925 2071 948 2102; x_wconf 75' lang='lat'><em>8</em></span> <span class='ocrx_word' id='word_1_174' title='bbox 971 2071 1015 2111; x_wconf 87' lang='lat' dir='ltr'>cf.</span> <span class='ocrx_word' id='word_1_175' title='bbox 1046 2070 1168 2101; x_wconf 81' lang='lat' dir='ltr'>Comin.</span> <span class='ocrx_word' id='word_1_176' title='bbox 1198 2078 1267 2108; x_wconf 73' lang='lat'>127</span> 
     </span>
     <span class='ocr_line' id='line_1_24' title="bbox 314 2178 729 2221; baseline -0.007 -9"><span class='ocrx_word' id='word_1_177' title='bbox 314 2178 360 2212; x_wconf 83' lang='lat'>13</span> <span class='ocrx_word' id='word_1_178' title='bbox 394 2180 484 2221; x_wconf 83' lang='lat' dir='ltr'>Verg.</span> <span class='ocrx_word' id='word_1_179' title='bbox 510 2181 591 2210; x_wconf 80' lang='lat' dir='ltr'>Aen.</span> <span class='ocrx_word' id='word_1_180' title='bbox 620 2179 729 2217; x_wconf 75' lang='lat' dir='ltr'><em>II54</em></span> 
     </span>
    </p>
   </div>
   <div class='ocr_carea' id='block_1_7' title="bbox 193 2281 1665 2855">
    <p class='ocr_par' dir='ltr' id='par_1_15' title="bbox 193 2281 1665 2855">
     <span class='ocr_line' id='line_1_25' title="bbox 314 2281 1665 2328; baseline -0.004 -10"><span class='ocrx_word' id='word_1_181' title='bbox 314 2285 336 2319; x_wconf 85' lang='lat'><strong>2</strong></span> <span class='ocrx_word' id='word_1_182' title='bbox 363 2287 514 2328; x_wconf 81' lang='lat' dir='ltr'>georgici</span> <span class='ocrx_word' id='word_1_183' title='bbox 541 2292 572 2317; x_wconf 89' lang='lat' dir='ltr'>et</span> <span class='ocrx_word' id='word_1_184' title='bbox 590 2287 705 2317; x_wconf 85' lang='lat' dir='ltr'>lucreti</span> <span class='ocrx_word' id='word_1_185' title='bbox 726 2286 875 2317; x_wconf 87' lang='lat' dir='ltr'>carmina</span> <span class='ocrx_word' id='word_1_186' title='bbox 894 2286 941 2316; x_wconf 81' lang='lat' dir='ltr'><em>M</em></span> <span class='ocrx_word' id='word_1_187' title='bbox 1032 2282 1054 2316; x_wconf 73' lang='lat'><strong>4</strong></span> <span class='ocrx_word' id='word_1_188' title='bbox 1081 2284 1220 2315; x_wconf 79' lang='lat' dir='ltr'>mixtum</span> <span class='ocrx_word' id='word_1_189' title='bbox 1239 2284 1416 2325; x_wconf 86' lang='lat' dir='ltr'>appellant</span> <span class='ocrx_word' id='word_1_190' title='bbox 1435 2284 1460 2313; x_wconf 90' lang='lat' dir='ltr'><em>S</em></span> <span class='ocrx_word' id='word_1_191' title='bbox 1479 2281 1482 2324; x_wconf 99' lang='grc' dir='ltr'>Ι</span> <span class='ocrx_word' id='word_1_192' title='bbox 1507 2293 1621 2325; x_wconf 53' lang='lat' dir='ltr'>ginon-2</span> <span class='ocrx_word' id='word_1_193' title='bbox 1639 2284 1665 2313; x_wconf 99' lang='lat' dir='ltr'><em>S</em></span> 
     </span>
     <span class='ocr_line' id='line_1_26' title="bbox 196 2342 1661 2389; baseline -0.005 -9"><span class='ocrx_word' id='word_1_194' title='bbox 196 2344 311 2389; x_wconf 73' lang='grc' dir='ltr'>μικτόν</span> <span class='ocrx_word' id='word_1_195' title='bbox 336 2347 450 2378; x_wconf 78' lang='lat' dir='ltr'>Diem.</span> <span class='ocrx_word' id='word_1_196' title='bbox 558 2345 579 2379; x_wconf 84' lang='lat'>5</span> <span class='ocrx_word' id='word_1_197' title='bbox 605 2346 678 2387; x_wconf 85' lang='lat' dir='ltr'>ipse</span> <span class='ocrx_word' id='word_1_198' title='bbox 703 2357 765 2377; x_wconf 83' lang='lat' dir='ltr'>om.</span> <span class='ocrx_word' id='word_1_199' title='bbox 793 2346 840 2376; x_wconf 53' lang='lat' dir='ltr'>ill</span> <span class='ocrx_word' id='word_1_200' title='bbox 860 2345 1119 2375; x_wconf 84' lang='lat' dir='ltr'>introducuntur</span> <span class='ocrx_word' id='word_1_201' title='bbox 1145 2349 1180 2374; x_wconf 90' lang='lat' dir='ltr'>ut</span> <span class='ocrx_word' id='word_1_202' title='bbox 1206 2344 1335 2374; x_wconf 85' lang='lat' dir='ltr'>odissia</span> <span class='ocrx_word' id='word_1_203' title='bbox 1361 2343 1490 2373; x_wconf 87' lang='lat' dir='ltr'>homeri</span> <span class='ocrx_word' id='word_1_204' title='bbox 1517 2342 1661 2373; x_wconf 82' lang='lat' dir='ltr'>aeneida</span> 
     </span>
     <span class='ocr_line' id='line_1_27' title="bbox 194 2402 1660 2447; baseline -0.003 -10"><span class='ocrx_word' id='word_1_205' title='bbox 194 2406 321 2447; x_wconf 83' lang='lat' dir='ltr'>uirgilii</span> <span class='ocrx_word' id='word_1_206' title='bbox 335 2407 383 2437; x_wconf 89' lang='lat' dir='ltr'><em>M</em></span> <span class='ocrx_word' id='word_1_207' title='bbox 490 2404 511 2438; x_wconf 88' lang='grc'><strong>6</strong></span> <span class='ocrx_word' id='word_1_208' title='bbox 530 2411 579 2436; x_wconf 85' lang='lat' dir='ltr'>est</span> <span class='ocrx_word' id='word_1_209' title='bbox 592 2406 666 2436; x_wconf 86' lang='lat' dir='ltr'>add.</span> <span class='ocrx_word' id='word_1_210' title='bbox 682 2416 697 2436; x_wconf 85' lang='lat' dir='ltr'>e</span> <span class='ocrx_word' id='word_1_211' title='bbox 709 2406 822 2436; x_wconf 73' lang='lat' dir='ltr'>Diam.</span> <span class='ocrx_word' id='word_1_212' title='bbox 837 2405 919 2436; x_wconf 75' lang='lat' dir='ltr'>Keil</span> <span class='ocrx_word' id='word_1_213' title='bbox 938 2403 942 2446; x_wconf 90' lang='grc' dir='ltr'>Ι</span> <span class='ocrx_word' id='word_1_214' title='bbox 966 2404 1102 2435; x_wconf 81' lang='lat' dir='ltr'>Odissia</span> <span class='ocrx_word' id='word_1_215' title='bbox 1115 2404 1217 2434; x_wconf 84' lang='lat' dir='ltr'>homo</span> <span class='ocrx_word' id='word_1_216' title='bbox 1233 2404 1258 2434; x_wconf 94' lang='lat' dir='ltr'><em>S</em></span> <span class='ocrx_word' id='word_1_217' title='bbox 1269 2403 1418 2444; x_wconf 79' lang='lat' dir='ltr'>Odyssia</span> <span class='ocrx_word' id='word_1_218' title='bbox 1432 2408 1503 2433; x_wconf 87' lang='lat' dir='ltr'>tota</span> <span class='ocrx_word' id='word_1_219' title='bbox 1518 2402 1660 2433; x_wconf 83' lang='lat' dir='ltr'>Homeri</span> 
     </span>
     <span class='ocr_line' id='line_1_28' title="bbox 193 2462 1658 2507; baseline -0.004 -9"><span class='ocrx_word' id='word_1_220' title='bbox 193 2467 308 2498; x_wconf 76' lang='lat' dir='ltr'>Diem.</span> <span class='ocrx_word' id='word_1_221' title='bbox 323 2466 460 2507; x_wconf 89' lang='lat' dir='ltr'>Virgilii</span> <span class='ocrx_word' id='word_1_222' title='bbox 475 2467 501 2497; x_wconf 92' lang='lat' dir='ltr'><em>S</em></span> <span class='ocrx_word' id='word_1_223' title='bbox 598 2464 614 2497; x_wconf 75' lang='grc'>7</span> <span class='ocrx_word' id='word_1_224' title='bbox 631 2465 766 2496; x_wconf 79' lang='lat' dir='ltr'>silentio</span> <span class='ocrx_word' id='word_1_225' title='bbox 782 2464 944 2495; x_wconf 91' lang='lat' dir='ltr'>Ssilentii</span> <span class='ocrx_word' id='word_1_226' title='bbox 959 2465 1071 2495; x_wconf 76' lang='lat' dir='ltr'>Diam.</span> <span class='ocrx_word' id='word_1_227' title='bbox 1096 2462 1099 2505; x_wconf 98' lang='grc' dir='ltr'>Ι</span> <span class='ocrx_word' id='word_1_228' title='bbox 1123 2463 1302 2494; x_wconf 87' lang='lat' dir='ltr'>terminata</span> <span class='ocrx_word' id='word_1_229' title='bbox 1316 2462 1530 2494; x_wconf 86' lang='lat' dir='ltr'>Sterminato</span> <span class='ocrx_word' id='word_1_230' title='bbox 1545 2463 1658 2493; x_wconf 77' lang='lat' dir='ltr'>Diem.</span> 
     </span>
     <span class='ocr_line' id='line_1_29' title="bbox 194 2522 1659 2567; baseline -0.004 -9"><span class='ocrx_word' id='word_1_231' title='bbox 194 2524 216 2559; x_wconf 85' lang='grc'><strong>9</strong></span> <span class='ocrx_word' id='word_1_232' title='bbox 243 2526 440 2567; x_wconf 87' lang='lat' dir='ltr'>impositum</span> <span class='ocrx_word' id='word_1_233' title='bbox 458 2526 484 2556; x_wconf 92' lang='lat' dir='ltr'><em>S</em></span> <span class='ocrx_word' id='word_1_234' title='bbox 506 2526 655 2567; x_wconf 88' lang='lat' dir='ltr'>positum</span> <span class='ocrx_word' id='word_1_235' title='bbox 672 2525 785 2556; x_wconf 78' lang='lat' dir='ltr'>Diam.</span> <span class='ocrx_word' id='word_1_236' title='bbox 884 2522 930 2556; x_wconf 86' lang='lat'>10</span> <span class='ocrx_word' id='word_1_237' title='bbox 957 2523 1033 2554; x_wconf 83' lang='lat' dir='ltr'>huic</span> <span class='ocrx_word' id='word_1_238' title='bbox 1060 2529 1171 2554; x_wconf 82' lang='lat' dir='ltr'>autem</span> <span class='ocrx_word' id='word_1_239' title='bbox 1198 2528 1246 2553; x_wconf 85' lang='lat' dir='ltr'>est</span> <span class='ocrx_word' id='word_1_240' title='bbox 1272 2527 1434 2563; x_wconf 85' lang='lat' dir='ltr'>punctum</span> <span class='ocrx_word' id='word_1_241' title='bbox 1460 2523 1659 2553; x_wconf 85' lang='lat' dir='ltr'>subuersum</span> 
     </span>
     <span class='ocr_line' id='line_1_30' title="bbox 193 2580 1659 2627; baseline -0.003 -11"><span class='ocrx_word' id='word_1_242' title='bbox 193 2585 392 2627; x_wconf 85' lang='lat' dir='ltr'>impositum</span> <span class='ocrx_word' id='word_1_243' title='bbox 418 2586 444 2616; x_wconf 94' lang='lat' dir='ltr'><em>S</em></span> <span class='ocrx_word' id='word_1_244' title='bbox 465 2596 553 2616; x_wconf 80' lang='lat' dir='ltr'>corr.</span> <span class='ocrx_word' id='word_1_245' title='bbox 579 2585 662 2616; x_wconf 71' lang='lat' dir='ltr'>Keil</span> <span class='ocrx_word' id='word_1_246' title='bbox 771 2581 816 2615; x_wconf 76' lang='grc'>12</span> <span class='ocrx_word' id='word_1_247' title='bbox 844 2584 912 2614; x_wconf 84' lang='lat' dir='ltr'>fata</span> <span class='ocrx_word' id='word_1_248' title='bbox 938 2583 997 2613; x_wconf 75' lang='lat' dir='ltr'>din</span> <span class='ocrx_word' id='word_1_249' title='bbox 1023 2583 1050 2613; x_wconf 86' lang='lat' dir='ltr'>si</span> <span class='ocrx_word' id='word_1_250' title='bbox 1078 2584 1110 2612; x_wconf 66' lang='grc' dir='ltr'>ὦ</span> <span class='ocrx_word' id='word_1_251' title='bbox 1137 2593 1206 2612; x_wconf 90' lang='lat' dir='ltr'>non</span> <span class='ocrx_word' id='word_1_252' title='bbox 1232 2582 1311 2613; x_wconf 81' lang='lat' dir='ltr'>leua</span> <span class='ocrx_word' id='word_1_253' title='bbox 1337 2583 1363 2613; x_wconf 96' lang='lat' dir='ltr'><em>S</em></span> <span class='ocrx_word' id='word_1_254' title='bbox 1473 2580 1519 2614; x_wconf 88' lang='grc'>16</span> <span class='ocrx_word' id='word_1_255' title='bbox 1545 2582 1659 2612; x_wconf 86' lang='lat' dir='ltr'>media</span> 
     </span>
     <span class='ocr_line' id='line_1_31' title="bbox 195 2641 1658 2685; baseline -0.003 -9"><span class='ocrx_word' id='word_1_256' title='bbox 195 2650 307 2676; x_wconf 86' lang='lat' dir='ltr'>autem</span> <span class='ocrx_word' id='word_1_257' title='bbox 338 2655 432 2675; x_wconf 89' lang='lat' dir='ltr'>more</span> <span class='ocrx_word' id='word_1_258' title='bbox 465 2644 636 2675; x_wconf 88' lang='lat' dir='ltr'>silentium</span> <span class='ocrx_word' id='word_1_259' title='bbox 670 2644 696 2675; x_wconf 92' lang='lat' dir='ltr'><em>S</em></span> <span class='ocrx_word' id='word_1_260' title='bbox 717 2654 804 2675; x_wconf 79' lang='lat' dir='ltr'>corr.</span> <span class='ocrx_word' id='word_1_261' title='bbox 831 2643 913 2674; x_wconf 84' lang='lat' dir='ltr'>Keil</span> <span class='ocrx_word' id='word_1_262' title='bbox 947 2642 952 2685; x_wconf 94' lang='grc' dir='ltr'>Ι</span> <span class='ocrx_word' id='word_1_263' title='bbox 990 2642 1140 2682; x_wconf 82' lang='lat' dir='ltr'>legitime</span> <span class='ocrx_word' id='word_1_264' title='bbox 1174 2642 1403 2682; x_wconf 88' lang='lat' dir='ltr'>dictionisque</span> <span class='ocrx_word' id='word_1_265' title='bbox 1430 2641 1455 2672; x_wconf 91' lang='lat' dir='ltr'><em>S</em></span> <span class='ocrx_word' id='word_1_266' title='bbox 1485 2641 1658 2681; x_wconf 84' lang='lat' dir='ltr'>legitimae</span> 
     </span>
     <span class='ocr_line' id='line_1_32' title="bbox 194 2699 1658 2744; baseline -0.003 -9"><span class='ocrx_word' id='word_1_267' title='bbox 194 2704 419 2735; x_wconf 88' lang='lat' dir='ltr'>distinctionis</span> <span class='ocrx_word' id='word_1_268' title='bbox 443 2704 805 2744; x_wconf 84' lang='lat' dir='ltr'>subdistinctionisque</span> <span class='ocrx_word' id='word_1_269' title='bbox 829 2704 943 2734; x_wconf 76' lang='lat' dir='ltr'>Diem.</span> <span class='ocrx_word' id='word_1_270' title='bbox 1065 2700 1108 2734; x_wconf 71' lang='lat'>17</span> <span class='ocrx_word' id='word_1_271' title='bbox 1153 2701 1309 2742; x_wconf 83' lang='lat' dir='ltr'>optinens</span> <span class='ocrx_word' id='word_1_272' title='bbox 1336 2701 1362 2732; x_wconf 92' lang='lat' dir='ltr'><em>S</em></span> <span class='ocrx_word' id='word_1_273' title='bbox 1479 2699 1524 2733; x_wconf 80' lang='grc'>20</span> <span class='ocrx_word' id='word_1_274' title='bbox 1567 2700 1658 2741; x_wconf 84' lang='lat' dir='ltr'>quod</span> 
     </span>
     <span class='ocr_line' id='line_1_33' title="bbox 194 2760 1657 2805; baseline -0.003 -10"><span class='ocrx_word' id='word_1_275' title='bbox 194 2763 339 2805; x_wconf 87' lang='lat' dir='ltr'>spiratur</span> <span class='ocrx_word' id='word_1_276' title='bbox 369 2764 442 2805; x_wconf 86' lang='lat' dir='ltr'>ipse</span> <span class='ocrx_word' id='word_1_277' title='bbox 467 2764 494 2795; x_wconf 90' lang='lat' dir='ltr'><em>S</em></span> <span class='ocrx_word' id='word_1_278' title='bbox 515 2775 603 2795; x_wconf 81' lang='lat' dir='ltr'>corr.</span> <span class='ocrx_word' id='word_1_279' title='bbox 628 2764 711 2795; x_wconf 73' lang='lat' dir='ltr'>K&#39;ez&#39;l</span> <span class='ocrx_word' id='word_1_280' title='bbox 733 2763 814 2804; x_wconf 80' lang='lat' dir='ltr'>quia</span> <span class='ocrx_word' id='word_1_281' title='bbox 838 2762 974 2804; x_wconf 85' lang='lat' dir='ltr'>spiritus</span> <span class='ocrx_word' id='word_1_282' title='bbox 999 2762 1072 2803; x_wconf 86' lang='lat' dir='ltr'>ipse</span> <span class='ocrx_word' id='word_1_283' title='bbox 1099 2761 1246 2802; x_wconf 86' lang='lat' dir='ltr'>quadarn</span> <span class='ocrx_word' id='word_1_284' title='bbox 1273 2760 1464 2792; x_wconf 79' lang='lat' dir='ltr'>defectione</span> <span class='ocrx_word' id='word_1_285' title='bbox 1492 2760 1657 2798; x_wconf 87' lang='lat' dir='ltr'>vincatur,</span> 
     </span>
     <span class='ocr_line' id='line_1_34' title="bbox 195 2823 668 2855; baseline 0 -1"><span class='ocrx_word' id='word_1_286' title='bbox 195 2823 319 2855; x_wconf 88' lang='lat' dir='ltr'>deinde</span> <span class='ocrx_word' id='word_1_287' title='bbox 343 2828 529 2855; x_wconf 86' lang='lat' dir='ltr'>resumatur</span> <span class='ocrx_word' id='word_1_288' title='bbox 554 2824 668 2854; x_wconf 78' lang='lat' dir='ltr'>Diam.</span> 
     </span>
    </p>
   </div>
  </div>
 </body>
</html>
