<?xml version="1.0" encoding="UTF-8"?>
<!DOCTYPE html PUBLIC "-//W3C//DTD XHTML 1.0 Transitional//EN"
    "http://www.w3.org/TR/xhtml1/DTD/xhtml1-transitional.dtd">
<html xmlns="http://www.w3.org/1999/xhtml" xml:lang="en" lang="en">
 <head>
  <title>
</title>
<meta http-equiv="Content-Type" content="text/html;charset=utf-8" />
  <meta name='ocr-system' content='tesseract 3.04.00' />
  <meta name='ocr-capabilities' content='ocr_page ocr_carea ocr_par ocr_line ocrx_word'/>
</head>
<body>
  <div class='ocr_page' id='page_1' title='image "./arsgrammaticarec00dosiuoft_0026.png"; bbox 0 0 2148 3407; ppageno 0'>
   <div class='ocr_carea' id='block_1_1' title="bbox 499 310 525 349">
    <p class='ocr_par' dir='ltr' id='par_1_1' title="bbox 499 310 525 349">
     <span class='ocr_line' id='line_1_1' title="bbox 499 310 525 349; baseline 0 0"><span class='ocrx_word' id='word_1_1' title='bbox 499 310 525 349; x_wconf 78' lang='lat'><strong>4</strong></span> 
     </span>
    </p>
   </div>
   <div class='ocr_carea' id='block_1_2' title="bbox 451 426 2036 2123">
    <p class='ocr_par' dir='ltr' id='par_1_2' title="bbox 498 426 1954 558">
     <span class='ocr_line' id='line_1_2' title="bbox 499 426 804 469; baseline -0.01 0"><span class='ocrx_word' id='word_1_2' title='bbox 499 438 531 469; x_wconf 76' lang='lat'>1&gt;-</span> <span class='ocrx_word' id='word_1_3' title='bbox 560 433 638 467; x_wconf 86' lang='lat'><strong>377-</strong></span> <span class='ocrx_word' id='word_1_4' title='bbox 666 426 732 467; x_wconf 86' lang='lat'>378</span> <span class='ocrx_word' id='word_1_5' title='bbox 761 426 804 457; x_wconf 86' lang='lat' dir='ltr'>K-</span> 
     </span>
     <span class='ocr_line' id='line_1_3' title="bbox 498 498 1954 558; baseline 0 -18"><span class='ocrx_word' id='word_1_6' title='bbox 498 501 666 558; x_wconf 76' lang='grc' dir='ltr'>γλώττῃ</span> <span class='ocrx_word' id='word_1_7' title='bbox 707 499 800 541; x_wconf 84' lang='grc' dir='ltr'>εἰσὶν</span> <span class='ocrx_word' id='word_1_8' title='bbox 831 498 954 551; x_wconf 83' lang='grc' dir='ltr'>ἑπτά,</span> <span class='ocrx_word' id='word_1_9' title='bbox 998 500 1037 541; x_wconf 81' lang='grc' dir='ltr'>ἐν</span> <span class='ocrx_word' id='word_1_10' title='bbox 1068 504 1120 558; x_wconf 74' lang='grc' dir='ltr'>τῇ</span> <span class='ocrx_word' id='word_1_11' title='bbox 1154 500 1334 557; x_wconf 76' lang='grc' dir='ltr'>ρωμάϊκῇ</span> <span class='ocrx_word' id='word_1_12' title='bbox 1364 501 1496 551; x_wconf 92' lang='grc' dir='ltr'>πέντε,</span> <span class='ocrx_word' id='word_1_13' title='bbox 1541 498 1650 551; x_wconf 72' lang='grc' dir='ltr'>ὀξεῖα</span> <span class='ocrx_word' id='word_1_14' title='bbox 1681 499 1823 556; x_wconf 83' lang='grc' dir='ltr'>βαρεῖα</span> <span class='ocrx_word' id='word_1_15' title='bbox 1853 513 1954 555; x_wconf 86' lang='grc' dir='ltr'>περι-</span> 
     </span>
    </p>

    <p class='ocr_par' dir='ltr' id='par_1_3' title="bbox 451 569 1957 769">
     <span class='ocr_line' id='line_1_4' title="bbox 451 569 1957 628; baseline -0.001 -16"><span class='ocrx_word' id='word_1_16' title='bbox 451 589 472 623; x_wconf 86' lang='lat'>2</span> <span class='ocrx_word' id='word_1_17' title='bbox 499 573 681 628; x_wconf 83' lang='grc' dir='ltr'>σπωμένη</span> <span class='ocrx_word' id='word_1_18' title='bbox 715 572 850 628; x_wconf 77' lang='grc' dir='ltr'>μακρὰ</span> <span class='ocrx_word' id='word_1_19' title='bbox 871 569 1052 628; x_wconf 81' lang='grc' dir='ltr'>βραχεῖα.</span> <span class='ocrx_word' id='word_1_20' title='bbox 1101 571 1140 612; x_wconf 85' lang='grc' dir='ltr'>ἐν</span> <span class='ocrx_word' id='word_1_21' title='bbox 1171 571 1288 612; x_wconf 84' lang='grc' dir='ltr'>παντὶ</span> <span class='ocrx_word' id='word_1_22' title='bbox 1310 572 1416 627; x_wconf 80' lang='grc' dir='ltr'>μέρει</span> <span class='ocrx_word' id='word_1_23' title='bbox 1435 571 1562 627; x_wconf 86' lang='grc' dir='ltr'>λόγου</span> <span class='ocrx_word' id='word_1_24' title='bbox 1587 570 1787 627; x_wconf 76' lang='grc' dir='ltr'>ῥωμαϊκοῦ</span> <span class='ocrx_word' id='word_1_25' title='bbox 1811 570 1957 627; x_wconf 83' lang='grc' dir='ltr'>ὁμοίως</span> 
     </span>
     <span class='ocr_line' id='line_1_5' title="bbox 499 641 1955 698; baseline -0.001 -15"><span class='ocrx_word' id='word_1_26' title='bbox 499 643 627 698; x_wconf 86' lang='grc' dir='ltr'>ὥσπερ</span> <span class='ocrx_word' id='word_1_27' title='bbox 668 647 740 683; x_wconf 85' lang='grc' dir='ltr'>τοῦ</span> <span class='ocrx_word' id='word_1_28' title='bbox 779 641 988 694; x_wconf 82' lang='grc' dir='ltr'>ἑλληνικοῦ</span> <span class='ocrx_word' id='word_1_29' title='bbox 1030 643 1054 694; x_wconf 88' lang='grc' dir='ltr'>ἢ</span> <span class='ocrx_word' id='word_1_30' title='bbox 1095 641 1222 693; x_wconf 79' lang='grc' dir='ltr'>ὀξεῖαν</span> <span class='ocrx_word' id='word_1_31' title='bbox 1259 642 1283 694; x_wconf 83' lang='grc' dir='ltr'>ἢ</span> <span class='ocrx_word' id='word_1_32' title='bbox 1322 643 1611 698; x_wconf 84' lang='grc' dir='ltr'>περισπωμένην</span> <span class='ocrx_word' id='word_1_33' title='bbox 1642 642 1867 698; x_wconf 75' lang='grc' dir='ltr'>προσῳδίαν</span> <span class='ocrx_word' id='word_1_34' title='bbox 1897 641 1955 682; x_wconf 84' lang='grc' dir='ltr'>τί·</span> 
     </span>
     <span class='ocr_line' id='line_1_6' title="bbox 499 712 1954 769; baseline -0.001 -15"><span class='ocrx_word' id='word_1_35' title='bbox 499 713 649 754; x_wconf 81' lang='grc' dir='ltr'>θέσθαι</span> <span class='ocrx_word' id='word_1_36' title='bbox 689 713 910 769; x_wconf 81' lang='grc' dir='ltr'>ἀναγκαῖόν</span> <span class='ocrx_word' id='word_1_37' title='bbox 951 713 1074 765; x_wconf 84' lang='grc' dir='ltr'>ἐστιν,</span> <span class='ocrx_word' id='word_1_38' title='bbox 1123 713 1166 754; x_wconf 81' lang='grc' dir='ltr'>οὐ</span> <span class='ocrx_word' id='word_1_39' title='bbox 1208 713 1343 754; x_wconf 82' lang='grc' dir='ltr'>πλεῖον</span> <span class='ocrx_word' id='word_1_40' title='bbox 1382 713 1430 753; x_wconf 83' lang='grc' dir='ltr'>δὲ</span> <span class='ocrx_word' id='word_1_41' title='bbox 1470 713 1494 764; x_wconf 86' lang='grc' dir='ltr'>ἢ</span> <span class='ocrx_word' id='word_1_42' title='bbox 1537 713 1629 769; x_wconf 85' lang='grc' dir='ltr'>μίαν</span> <span class='ocrx_word' id='word_1_43' title='bbox 1669 713 1693 765; x_wconf 85' lang='grc' dir='ltr'>ἢ</span> <span class='ocrx_word' id='word_1_44' title='bbox 1736 712 1889 764; x_wconf 89' lang='grc' dir='ltr'>ταύτην</span> <span class='ocrx_word' id='word_1_45' title='bbox 1929 712 1954 765; x_wconf 85' lang='grc' dir='ltr'><strong>ἢ</strong></span> 
     </span>
    </p>

    <p class='ocr_par' dir='ltr' id='par_1_4' title="bbox 452 783 2026 1127">
     <span class='ocr_line' id='line_1_7' title="bbox 452 783 2026 841; baseline -0.001 -16"><span class='ocrx_word' id='word_1_46' title='bbox 452 802 473 836; x_wconf 87' lang='lat'><strong>3</strong></span> <span class='ocrx_word' id='word_1_47' title='bbox 500 785 661 837; x_wconf 80' lang='grc' dir='ltr'>ἐκείνην.</span> <span class='ocrx_word' id='word_1_48' title='bbox 723 786 747 836; x_wconf 77' lang='grc' dir='ltr'><strong>ἡ</strong></span> <span class='ocrx_word' id='word_1_49' title='bbox 780 786 858 841; x_wconf 84' lang='grc' dir='ltr'>γὰρ</span> <span class='ocrx_word' id='word_1_50' title='bbox 898 784 1038 841; x_wconf 86' lang='grc' dir='ltr'>βαρεῖα</span> <span class='ocrx_word' id='word_1_51' title='bbox 1080 784 1240 825; x_wconf 90' lang='grc' dir='ltr'>τίθεται</span> <span class='ocrx_word' id='word_1_52' title='bbox 1280 784 1342 825; x_wconf 81' lang='grc' dir='ltr'>ἐπὶ</span> <span class='ocrx_word' id='word_1_53' title='bbox 1372 784 1572 825; x_wconf 86' lang='grc' dir='ltr'>πλειόνων.</span> <span class='ocrx_word' id='word_1_54' title='bbox 1634 785 1659 836; x_wconf 81' lang='grc' dir='ltr'><strong>ἡ</strong></span> <span class='ocrx_word' id='word_1_55' title='bbox 1694 783 1803 834; x_wconf 82' lang='grc' dir='ltr'>ὀξεῖα</span> <span class='ocrx_word' id='word_1_56' title='bbox 1834 784 1956 824; x_wconf 81' lang='grc' dir='ltr'>ὁπότε</span> <span class='ocrx_word' id='word_1_57' title='bbox 2007 795 2026 828; x_wconf 89' lang='lat'>5</span> 
     </span>
     <span class='ocr_line' id='line_1_8' title="bbox 499 853 1960 912; baseline -0.001 -16"><span class='ocrx_word' id='word_1_58' title='bbox 499 857 607 912; x_wconf 84' lang='grc' dir='ltr'>παρὰ</span> <span class='ocrx_word' id='word_1_59' title='bbox 638 860 722 904; x_wconf 85' lang='grc' dir='ltr'>τοῖς</span> <span class='ocrx_word' id='word_1_60' title='bbox 747 855 997 908; x_wconf 72' lang='grc' dir='ltr'>Ἑλληνικοῖς</span> <span class='ocrx_word' id='word_1_61' title='bbox 1028 860 1132 912; x_wconf 83' lang='grc' dir='ltr'>τρεῖς</span> <span class='ocrx_word' id='word_1_62' title='bbox 1163 856 1308 904; x_wconf 81' lang='grc' dir='ltr'>τόπους</span> <span class='ocrx_word' id='word_1_63' title='bbox 1339 853 1432 912; x_wconf 83' lang='grc' dir='ltr'>ἔχει,</span> <span class='ocrx_word' id='word_1_64' title='bbox 1465 855 1589 907; x_wconf 80' lang='grc' dir='ltr'>&lt;τὴν&gt;</span> <span class='ocrx_word' id='word_1_65' title='bbox 1620 855 1858 896; x_wconf 81' lang='grc' dir='ltr'>τελευταίαν</span> <span class='ocrx_word' id='word_1_66' title='bbox 1889 854 1960 895; x_wconf 86' lang='grc' dir='ltr'>καὶ</span> 
     </span>
     <span class='ocr_line' id='line_1_9' title="bbox 498 925 1958 984; baseline -0.001 -16"><span class='ocrx_word' id='word_1_67' title='bbox 498 928 573 979; x_wconf 80' lang='grc' dir='ltr'>τὴν</span> <span class='ocrx_word' id='word_1_68' title='bbox 603 928 902 984; x_wconf 86' lang='grc' dir='ltr'>παρατέλευτον</span> <span class='ocrx_word' id='word_1_69' title='bbox 932 928 1003 968; x_wconf 82' lang='grc' dir='ltr'>καὶ</span> <span class='ocrx_word' id='word_1_70' title='bbox 1032 928 1106 979; x_wconf 75' lang='grc' dir='ltr'>τὴν</span> <span class='ocrx_word' id='word_1_71' title='bbox 1135 927 1267 984; x_wconf 74' lang='grc' dir='ltr'>ταύτῃ</span> <span class='ocrx_word' id='word_1_72' title='bbox 1298 925 1471 982; x_wconf 82' lang='grc' dir='ltr'>ἔγγιστα</span> <span class='ocrx_word' id='word_1_73' title='bbox 1502 925 1723 982; x_wconf 83' lang='grc' dir='ltr'>συλλαβήν,</span> <span class='ocrx_word' id='word_1_74' title='bbox 1756 925 1847 982; x_wconf 82' lang='grc' dir='ltr'>παρ’</span> <span class='ocrx_word' id='word_1_75' title='bbox 1867 926 1958 982; x_wconf 81' lang='grc' dir='ltr'>ἡμῖν</span> 
     </span>
     <span class='ocr_line' id='line_1_10' title="bbox 498 996 1958 1055; baseline -0.001 -16"><span class='ocrx_word' id='word_1_76' title='bbox 498 998 572 1039; x_wconf 84' lang='grc' dir='ltr'>δύο</span> <span class='ocrx_word' id='word_1_77' title='bbox 615 999 732 1055; x_wconf 87' lang='grc' dir='ltr'>μόνον</span> <span class='ocrx_word' id='word_1_78' title='bbox 767 999 905 1048; x_wconf 78' lang='grc' dir='ltr'>τόποις</span> <span class='ocrx_word' id='word_1_79' title='bbox 933 997 1125 1039; x_wconf 88' lang='grc' dir='ltr'>τίθεσθαι</span> <span class='ocrx_word' id='word_1_80' title='bbox 1154 997 1346 1049; x_wconf 89' lang='grc' dir='ltr'>δύναται,</span> <span class='ocrx_word' id='word_1_81' title='bbox 1390 997 1430 1037; x_wconf 83' lang='grc' dir='ltr'>ἐν</span> <span class='ocrx_word' id='word_1_82' title='bbox 1461 1001 1513 1055; x_wconf 77' lang='grc' dir='ltr'>τῇ</span> <span class='ocrx_word' id='word_1_83' title='bbox 1544 996 1831 1053; x_wconf 75' lang='grc' dir='ltr'>παρατελεύτῳ</span> <span class='ocrx_word' id='word_1_84' title='bbox 1863 997 1958 1037; x_wconf 88' lang='grc' dir='ltr'>συλ-</span> 
     </span>
     <span class='ocr_line' id='line_1_11' title="bbox 499 1063 1958 1127; baseline -0.001 -17"><span class='ocrx_word' id='word_1_85' title='bbox 499 1069 609 1127; x_wconf 71' lang='grc' dir='ltr'>λαβῇ</span> <span class='ocrx_word' id='word_1_86' title='bbox 632 1066 645 1119; x_wconf 88' lang='grc' dir='ltr'>ΙΙ</span> <span class='ocrx_word' id='word_1_87' title='bbox 670 1072 721 1118; x_wconf 84' lang='grc' dir='ltr'>ὡς</span> <span class='ocrx_word' id='word_1_88' title='bbox 751 1071 799 1110; x_wconf 83' lang='grc' dir='ltr'>τὸ</span> <span class='ocrx_word' id='word_1_89' title='bbox 832 1063 1132 1126; x_wconf 84' lang='grc' dir='ltr'>[προανέγνως],</span> <span class='ocrx_word' id='word_1_90' title='bbox 1166 1069 1190 1121; x_wconf 85' lang='grc' dir='ltr'>ἢ</span> <span class='ocrx_word' id='word_1_91' title='bbox 1223 1069 1285 1110; x_wconf 81' lang='grc' dir='ltr'>ἐπὶ</span> <span class='ocrx_word' id='word_1_92' title='bbox 1313 1067 1485 1120; x_wconf 89' lang='grc' dir='ltr'>ταύτης,</span> <span class='ocrx_word' id='word_1_93' title='bbox 1518 1068 1607 1120; x_wconf 76' lang='grc' dir='ltr'>ἥτις</span> <span class='ocrx_word' id='word_1_94' title='bbox 1636 1069 1752 1124; x_wconf 88' lang='grc' dir='ltr'>τρίτη</span> <span class='ocrx_word' id='word_1_95' title='bbox 1785 1067 1862 1108; x_wconf 82' lang='grc' dir='ltr'>ἀπὸ</span> <span class='ocrx_word' id='word_1_96' title='bbox 1894 1069 1958 1108; x_wconf 88' lang='grc' dir='ltr'>τέ-</span> 
     </span>
    </p>

    <p class='ocr_par' dir='ltr' id='par_1_5' title="bbox 452 1139 2030 1269">
     <span class='ocr_line' id='line_1_12' title="bbox 452 1139 2030 1197; baseline 0.001 -15"><span class='ocrx_word' id='word_1_97' title='bbox 452 1156 476 1190; x_wconf 84' lang='grc'><strong>4</strong></span> <span class='ocrx_word' id='word_1_98' title='bbox 500 1141 596 1189; x_wconf 89' lang='grc' dir='ltr'>λους</span> <span class='ocrx_word' id='word_1_99' title='bbox 637 1141 742 1182; x_wconf 81' lang='grc' dir='ltr'>ἐστίν</span> <span class='ocrx_word' id='word_1_100' title='bbox 865 1142 902 1193; x_wconf 83' lang='grc' dir='ltr'>,ἣ</span> <span class='ocrx_word' id='word_1_101' title='bbox 933 1142 1215 1197; x_wconf 84' lang='grc' dir='ltr'>περισπωμένη,</span> <span class='ocrx_word' id='word_1_102' title='bbox 1249 1140 1317 1181; x_wconf 80' lang='grc' dir='ltr'>ἐὰν</span> <span class='ocrx_word' id='word_1_103' title='bbox 1348 1140 1396 1180; x_wconf 80' lang='grc' dir='ltr'>τὸ</span> <span class='ocrx_word' id='word_1_104' title='bbox 1430 1141 1547 1196; x_wconf 86' lang='grc' dir='ltr'>μέρος</span> <span class='ocrx_word' id='word_1_105' title='bbox 1577 1143 1650 1180; x_wconf 84' lang='grc' dir='ltr'>τοῦ</span> <span class='ocrx_word' id='word_1_106' title='bbox 1681 1139 1809 1195; x_wconf 87' lang='grc' dir='ltr'>λόγου</span> <span class='ocrx_word' id='word_1_107' title='bbox 1842 1144 1958 1195; x_wconf 87' lang='grc' dir='ltr'>τριῶν</span> <span class='ocrx_word' id='word_1_108' title='bbox 1987 1148 2030 1184; x_wconf 91' lang='grc'>10</span> 
     </span>
     <span class='ocr_line' id='line_1_13' title="bbox 499 1210 1959 1269; baseline -0.001 -17"><span class='ocrx_word' id='word_1_109' title='bbox 499 1212 524 1264; x_wconf 81' lang='grc' dir='ltr'>ἢ</span> <span class='ocrx_word' id='word_1_110' title='bbox 557 1213 744 1253; x_wconf 87' lang='grc' dir='ltr'>πλειόνων</span> <span class='ocrx_word' id='word_1_111' title='bbox 776 1210 892 1254; x_wconf 85' lang='grc' dir='ltr'>ἔσται</span> <span class='ocrx_word' id='word_1_112' title='bbox 923 1211 1152 1269; x_wconf 85' lang='grc' dir='ltr'>συλλαβῶν,</span> <span class='ocrx_word' id='word_1_113' title='bbox 1186 1211 1231 1252; x_wconf 80' lang='grc' dir='ltr'>οὐ</span> <span class='ocrx_word' id='word_1_114' title='bbox 1263 1210 1436 1262; x_wconf 89' lang='grc' dir='ltr'>τίθεται,</span> <span class='ocrx_word' id='word_1_115' title='bbox 1471 1210 1504 1251; x_wconf 83' lang='grc' dir='ltr'>εἰ</span> <span class='ocrx_word' id='word_1_116' title='bbox 1535 1211 1587 1267; x_wconf 74' lang='grc' dir='ltr'>μὴ</span> <span class='ocrx_word' id='word_1_117' title='bbox 1620 1211 1691 1251; x_wconf 81' lang='grc' dir='ltr'>τὸν</span> <span class='ocrx_word' id='word_1_118' title='bbox 1713 1211 1959 1266; x_wconf 88' lang='grc' dir='ltr'>παρατέλευ-</span> 
     </span>
    </p>

    <p class='ocr_par' dir='ltr' id='par_1_6' title="bbox 455 1281 1963 1411">
     <span class='ocr_line' id='line_1_14' title="bbox 455 1281 1960 1339; baseline -0.001 -15"><span class='ocrx_word' id='word_1_119' title='bbox 455 1299 474 1332; x_wconf 91' lang='lat'>5</span> <span class='ocrx_word' id='word_1_120' title='bbox 500 1298 571 1324; x_wconf 87' lang='grc' dir='ltr'>τον</span> <span class='ocrx_word' id='word_1_121' title='bbox 602 1284 724 1325; x_wconf 88' lang='grc' dir='ltr'>τόπον</span> <span class='ocrx_word' id='word_1_122' title='bbox 754 1284 969 1335; x_wconf 77' lang='grc' dir='ltr'>δυνήσεται</span> <span class='ocrx_word' id='word_1_123' title='bbox 998 1285 1133 1339; x_wconf 84' lang='grc' dir='ltr'>εὑρεῖν,</span> <span class='ocrx_word' id='word_1_124' title='bbox 1167 1285 1220 1331; x_wconf 84' lang='grc' dir='ltr'>ὡς</span> <span class='ocrx_word' id='word_1_125' title='bbox 1249 1283 1299 1323; x_wconf 85' lang='grc' dir='ltr'>τό</span> <span class='ocrx_word' id='word_1_126' title='bbox 1422 1283 1489 1323; x_wconf 59' lang='lat' dir='ltr'>s&amp;</span> <span class='ocrx_word' id='word_1_127' title='bbox 1521 1281 1828 1338; x_wconf 75' lang='grc' dir='ltr'>μονοσύλλαβα,</span> <span class='ocrx_word' id='word_1_128' title='bbox 1864 1281 1960 1338; x_wconf 87' lang='grc' dir='ltr'>ἅπερ</span> 
     </span>
     <span class='ocr_line' id='line_1_15' title="bbox 503 1352 1963 1411; baseline -0.001 -16"><span class='ocrx_word' id='word_1_129' title='bbox 503 1355 549 1395; x_wconf 86' lang='grc' dir='ltr'>ἂν</span> <span class='ocrx_word' id='word_1_130' title='bbox 571 1354 681 1396; x_wconf 89' lang='grc' dir='ltr'>θέσει</span> <span class='ocrx_word' id='word_1_131' title='bbox 702 1356 838 1411; x_wconf 76' lang='grc' dir='ltr'>μακρὰ</span> <span class='ocrx_word' id='word_1_132' title='bbox 859 1352 931 1406; x_wconf 83' lang='grc' dir='ltr'>εἴη,</span> <span class='ocrx_word' id='word_1_133' title='bbox 966 1353 1095 1405; x_wconf 80' lang='grc' dir='ltr'>ὀξεῖαν</span> <span class='ocrx_word' id='word_1_134' title='bbox 1117 1353 1269 1404; x_wconf 83' lang='grc' dir='ltr'>ἕξουσιν</span> <span class='ocrx_word' id='word_1_135' title='bbox 1289 1353 1516 1410; x_wconf 74' lang='grc' dir='ltr'>προσῳδίαν</span> <span class='ocrx_word' id='word_1_136' title='bbox 1629 1352 1760 1394; x_wconf 62' lang='grc' dir='ltr'>ἅτινα</span> <span class='ocrx_word' id='word_1_137' title='bbox 1780 1353 1828 1394; x_wconf 80' lang='grc' dir='ltr'>δὲ</span> <span class='ocrx_word' id='word_1_138' title='bbox 1848 1353 1963 1410; x_wconf 81' lang='grc' dir='ltr'>φύσει</span> 
     </span>
    </p>

    <p class='ocr_par' dir='ltr' id='par_1_7' title="bbox 455 1423 2032 1839">
     <span class='ocr_line' id='line_1_16' title="bbox 455 1423 1962 1483; baseline -0.001 -17"><span class='ocrx_word' id='word_1_139' title='bbox 455 1441 477 1475; x_wconf 77' lang='grc'><strong>6</strong></span> <span class='ocrx_word' id='word_1_140' title='bbox 504 1427 639 1483; x_wconf 78' lang='grc' dir='ltr'>μακρὰ</span> <span class='ocrx_word' id='word_1_141' title='bbox 670 1424 796 1477; x_wconf 82' lang='grc' dir='ltr'>ἔσται,</span> <span class='ocrx_word' id='word_1_142' title='bbox 830 1427 1100 1483; x_wconf 55' lang='grc' dir='ltr'>περισπωμένᾊι</span> <span class='ocrx_word' id='word_1_143' title='bbox 1121 1425 1325 1481; x_wconf 67' lang='grc' dir='ltr'>προσῳδίᾳ</span> <span class='ocrx_word' id='word_1_144' title='bbox 1346 1423 1678 1482; x_wconf 81' lang='grc' dir='ltr'>ἐκφωνηθήσεται</span> <span class='ocrx_word' id='word_1_145' title='bbox 1787 1424 1860 1465; x_wconf 67' lang='grc' dir='ltr'>ἐπὶ</span> <span class='ocrx_word' id='word_1_146' title='bbox 1879 1429 1962 1465; x_wconf 87' lang='grc' dir='ltr'>τῶν</span> 
     </span>
     <span class='ocr_line' id='line_1_17' title="bbox 501 1493 2032 1554; baseline -0.001 -16"><span class='ocrx_word' id='word_1_147' title='bbox 501 1496 770 1554; x_wconf 74' lang='grc' dir='ltr'>δισυλλάβων,</span> <span class='ocrx_word' id='word_1_148' title='bbox 803 1496 871 1537; x_wconf 80' lang='grc' dir='ltr'>ἐὰν</span> <span class='ocrx_word' id='word_1_149' title='bbox 904 1498 928 1548; x_wconf 76' lang='grc' dir='ltr'><strong>ἡ</strong></span> <span class='ocrx_word' id='word_1_150' title='bbox 959 1498 1133 1553; x_wconf 88' lang='grc' dir='ltr'>προτέρα</span> <span class='ocrx_word' id='word_1_151' title='bbox 1165 1496 1277 1553; x_wconf 80' lang='grc' dir='ltr'>φύσει</span> <span class='ocrx_word' id='word_1_152' title='bbox 1308 1497 1444 1552; x_wconf 74' lang='grc' dir='ltr'>μακρὰ</span> <span class='ocrx_word' id='word_1_153' title='bbox 1475 1493 1533 1547; x_wconf 87' lang='grc' dir='ltr'>εἴη</span> <span class='ocrx_word' id='word_1_154' title='bbox 1565 1499 1639 1547; x_wconf 76' lang='grc' dir='ltr'>τῆς</span> <span class='ocrx_word' id='word_1_155' title='bbox 1660 1497 1829 1552; x_wconf 86' lang='grc' dir='ltr'>ὑστέρας</span> <span class='ocrx_word' id='word_1_156' title='bbox 1850 1510 1959 1536; x_wconf 88' lang='grc' dir='ltr'>συνε-</span> <span class='ocrx_word' id='word_1_157' title='bbox 1988 1506 2032 1541; x_wconf 85' lang='grc'>15</span> 
     </span>
     <span class='ocr_line' id='line_1_18' title="bbox 502 1560 1962 1624; baseline -0.001 -16"><span class='ocrx_word' id='word_1_158' title='bbox 502 1569 751 1624; x_wconf 38' lang='grc' dir='ltr'>σταλμωένης,</span> <span class='ocrx_word' id='word_1_159' title='bbox 795 1569 820 1620; x_wconf 77' lang='grc' dir='ltr'>ἢ</span> <span class='ocrx_word' id='word_1_160' title='bbox 851 1570 1025 1624; x_wconf 85' lang='grc' dir='ltr'>προτέρα</span> <span class='ocrx_word' id='word_1_161' title='bbox 1065 1582 1134 1623; x_wconf 81' lang='grc' dir='ltr'>περ</span> <span class='ocrx_word' id='word_1_162' title='bbox 1139 1566 1454 1618; x_wconf 77' lang='grc' dir='ltr'>ισπασθησεται,</span> <span class='ocrx_word' id='word_1_163' title='bbox 1501 1569 1553 1616; x_wconf 89' lang='grc' dir='ltr'>ὡς</span> <span class='ocrx_word' id='word_1_164' title='bbox 1583 1568 1632 1608; x_wconf 86' lang='grc' dir='ltr'>τὸ</span> <span class='ocrx_word' id='word_1_165' title='bbox 1664 1561 1765 1623; x_wconf 86' lang='grc' dir='ltr'>[ὥρα</span> <span class='ocrx_word' id='word_1_166' title='bbox 1790 1560 1962 1623; x_wconf 87' lang='grc' dir='ltr'>Ῥώμη].</span> 
     </span>
     <span class='ocr_line' id='line_1_19' title="bbox 504 1635 1963 1695; baseline -0.001 -15"><span class='ocrx_word' id='word_1_167' title='bbox 504 1640 572 1680; x_wconf 80' lang='grc' dir='ltr'>ἐὰν</span> <span class='ocrx_word' id='word_1_168' title='bbox 602 1639 649 1680; x_wconf 87' lang='grc' dir='ltr'>δὲ</span> <span class='ocrx_word' id='word_1_169' title='bbox 680 1640 704 1690; x_wconf 78' lang='grc' dir='ltr'>ἡ</span> <span class='ocrx_word' id='word_1_170' title='bbox 737 1640 885 1695; x_wconf 77' lang='grc' dir='ltr'>ὕστερα</span> <span class='ocrx_word' id='word_1_171' title='bbox 917 1639 1163 1695; x_wconf 82' lang='grc' dir='ltr'>ἐκτεταμένη</span> <span class='ocrx_word' id='word_1_172' title='bbox 1202 1636 1274 1690; x_wconf 83' lang='grc' dir='ltr'>εἴη,</span> <span class='ocrx_word' id='word_1_173' title='bbox 1308 1639 1332 1690; x_wconf 79' lang='grc' dir='ltr'>ἢ</span> <span class='ocrx_word' id='word_1_174' title='bbox 1314 1640 1556 1694; x_wconf 74' lang='grc' dir='ltr'>ηπροτέρα,</span> <span class='ocrx_word' id='word_1_175' title='bbox 1598 1635 1677 1679; x_wconf 87' lang='grc' dir='ltr'>εἴτε</span> <span class='ocrx_word' id='word_1_176' title='bbox 1715 1639 1851 1694; x_wconf 78' lang='grc' dir='ltr'>μακρὰ</span> <span class='ocrx_word' id='word_1_177' title='bbox 1882 1636 1963 1679; x_wconf 89' lang='grc' dir='ltr'>εἴτε</span> 
     </span>
     <span class='ocr_line' id='line_1_20' title="bbox 505 1708 1965 1768; baseline -0.001 -17"><span class='ocrx_word' id='word_1_178' title='bbox 505 1710 672 1768; x_wconf 81' lang='grc' dir='ltr'>βραχεῖα</span> <span class='ocrx_word' id='word_1_179' title='bbox 712 1709 849 1762; x_wconf 80' lang='grc' dir='ltr'>ἔσται,</span> <span class='ocrx_word' id='word_1_180' title='bbox 895 1709 1237 1762; x_wconf 70' lang='grc' dir='ltr'>όξυτονηθήσεται</span> <span class='ocrx_word' id='word_1_181' title='bbox 1277 1710 1320 1760; x_wconf 81' lang='grc' dir='ltr'>ἐξ</span> <span class='ocrx_word' id='word_1_182' title='bbox 1351 1709 1532 1766; x_wconf 80' lang='grc' dir='ltr'>ἀνάγκης</span> <span class='ocrx_word' id='word_1_183' title='bbox 1563 1711 1616 1758; x_wconf 88' lang='grc' dir='ltr'>ὡς</span> <span class='ocrx_word' id='word_1_184' title='bbox 1646 1710 1694 1751; x_wconf 87' lang='grc' dir='ltr'>τό</span> <span class='ocrx_word' id='word_1_185' title='bbox 1818 1709 1901 1751; x_wconf 78' lang='grc' dir='ltr'>,καὶ</span> <span class='ocrx_word' id='word_1_186' title='bbox 1931 1708 1965 1750; x_wconf 86' lang='grc' dir='ltr'>εἰ</span> 
     </span>
     <span class='ocr_line' id='line_1_21' title="bbox 505 1778 1888 1839; baseline -0.001 -16"><span class='ocrx_word' id='word_1_187' title='bbox 505 1782 729 1839; x_wconf 76' lang='grc' dir='ltr'>ἀμφότεραι</span> <span class='ocrx_word' id='word_1_188' title='bbox 759 1781 942 1838; x_wconf 78' lang='grc' dir='ltr'>βραχεῖαι</span> <span class='ocrx_word' id='word_1_189' title='bbox 973 1778 1069 1833; x_wconf 81' lang='grc' dir='ltr'>εἷεν,</span> <span class='ocrx_word' id='word_1_190' title='bbox 1103 1779 1446 1833; x_wconf 74' lang='grc' dir='ltr'>ὀξυτονηθήσεται</span> <span class='ocrx_word' id='word_1_191' title='bbox 1475 1782 1500 1832; x_wconf 83' lang='grc' dir='ltr'>ἣ</span> <span class='ocrx_word' id='word_1_192' title='bbox 1532 1783 1721 1837; x_wconf 85' lang='grc' dir='ltr'>προτέρα,</span> <span class='ocrx_word' id='word_1_193' title='bbox 1756 1783 1808 1830; x_wconf 87' lang='grc' dir='ltr'>ὡς</span> <span class='ocrx_word' id='word_1_194' title='bbox 1839 1780 1888 1821; x_wconf 89' lang='grc' dir='ltr'>τό</span> 
     </span>
    </p>

    <p class='ocr_par' dir='ltr' id='par_1_8' title="bbox 459 1852 2036 2052">
     <span class='ocr_line' id='line_1_22' title="bbox 459 1852 2036 1910; baseline 0.001 -16"><span class='ocrx_word' id='word_1_195' title='bbox 459 1867 478 1901; x_wconf 85' lang='lat'><strong>7</strong></span> <span class='ocrx_word' id='word_1_196' title='bbox 506 1853 545 1894; x_wconf 84' lang='grc' dir='ltr'>ἐν</span> <span class='ocrx_word' id='word_1_197' title='bbox 575 1857 661 1902; x_wconf 82' lang='grc' dir='ltr'>τοῖς</span> <span class='ocrx_word' id='word_1_198' title='bbox 690 1852 974 1910; x_wconf 73' lang='grc' dir='ltr'>τρισυλλάβως</span> <span class='ocrx_word' id='word_1_199' title='bbox 1004 1853 1028 1905; x_wconf 90' lang='grc' dir='ltr'>ἢ</span> <span class='ocrx_word' id='word_1_200' title='bbox 1060 1857 1146 1901; x_wconf 85' lang='grc' dir='ltr'>τοῖς</span> <span class='ocrx_word' id='word_1_201' title='bbox 1176 1852 1523 1909; x_wconf 86' lang='grc' dir='ltr'>τετρασυλλάβοις</span> <span class='ocrx_word' id='word_1_202' title='bbox 1553 1853 1577 1905; x_wconf 84' lang='grc' dir='ltr'>ἢ</span> <span class='ocrx_word' id='word_1_203' title='bbox 1611 1852 1708 1908; x_wconf 85' lang='grc' dir='ltr'>ἅπερ</span> <span class='ocrx_word' id='word_1_204' title='bbox 1738 1852 1786 1892; x_wconf 81' lang='grc' dir='ltr'>ἂν</span> <span class='ocrx_word' id='word_1_205' title='bbox 1806 1853 1964 1901; x_wconf 89' lang='grc' dir='ltr'>πλείους</span> <span class='ocrx_word' id='word_1_206' title='bbox 1989 1860 2036 1896; x_wconf 85' lang='grc'>20</span> 
     </span>
     <span class='ocr_line' id='line_1_23' title="bbox 505 1923 1962 1981; baseline -0.001 -15"><span class='ocrx_word' id='word_1_207' title='bbox 505 1924 714 1981; x_wconf 77' lang='grc' dir='ltr'>συλλαβὰς</span> <span class='ocrx_word' id='word_1_208' title='bbox 745 1924 834 1975; x_wconf 80' lang='grc' dir='ltr'>ἕξει,</span> <span class='ocrx_word' id='word_1_209' title='bbox 867 1924 935 1964; x_wconf 81' lang='grc' dir='ltr'>ἐὰν</span> <span class='ocrx_word' id='word_1_210' title='bbox 966 1925 991 1976; x_wconf 81' lang='grc' dir='ltr'>ἡ</span> <span class='ocrx_word' id='word_1_211' title='bbox 1023 1925 1323 1980; x_wconf 84' lang='grc' dir='ltr'>παρατέλευτος</span> <span class='ocrx_word' id='word_1_212' title='bbox 1354 1923 1540 1981; x_wconf 86' lang='grc' dir='ltr'>συλλαβὴ</span> <span class='ocrx_word' id='word_1_213' title='bbox 1572 1923 1742 1981; x_wconf 83' lang='grc' dir='ltr'>βραχεῖά</span> <span class='ocrx_word' id='word_1_214' title='bbox 1771 1923 1898 1975; x_wconf 84' lang='grc' dir='ltr'>ἐστιν,</span> <span class='ocrx_word' id='word_1_215' title='bbox 1937 1924 1962 1976; x_wconf 85' lang='grc' dir='ltr'>ἣ</span> 
     </span>
     <span class='ocr_line' id='line_1_24' title="bbox 504 1988 1962 2052; baseline 0 -16"><span class='ocrx_word' id='word_1_216' title='bbox 504 1995 657 2047; x_wconf 73' lang='grc' dir='ltr'>ταύτην</span> <span class='ocrx_word' id='word_1_217' title='bbox 687 1996 924 2052; x_wconf 85' lang='grc' dir='ltr'>προάγουσα</span> <span class='ocrx_word' id='word_1_218' title='bbox 955 1994 1236 2046; x_wconf 78' lang='grc' dir='ltr'>όξυνθήσεται,</span> <span class='ocrx_word' id='word_1_219' title='bbox 1281 1997 1332 2044; x_wconf 90' lang='grc' dir='ltr'>ὡς</span> <span class='ocrx_word' id='word_1_220' title='bbox 1369 1996 1418 2036; x_wconf 85' lang='grc' dir='ltr'>τὸ</span> <span class='ocrx_word' id='word_1_221' title='bbox 1450 1989 1666 2048; x_wconf 89' lang='grc' dir='ltr'>[Τούλλιος</span> <span class='ocrx_word' id='word_1_222' title='bbox 1695 1988 1962 2051; x_wconf 82' lang='grc' dir='ltr'>Ὁρτήνσιος].</span> 
     </span>
    </p>

    <p class='ocr_par' dir='ltr' id='par_1_9' title="bbox 459 2064 1964 2123">
     <span class='ocr_line' id='line_1_25' title="bbox 459 2064 1964 2123; baseline -0.001 -15"><span class='ocrx_word' id='word_1_223' title='bbox 459 2079 480 2114; x_wconf 84' lang='grc'>8</span> <span class='ocrx_word' id='word_1_224' title='bbox 506 2067 575 2108; x_wconf 80' lang='grc' dir='ltr'>ἐὰν</span> <span class='ocrx_word' id='word_1_225' title='bbox 605 2068 629 2119; x_wconf 75' lang='grc' dir='ltr'><strong>ἡ</strong></span> <span class='ocrx_word' id='word_1_226' title='bbox 661 2067 961 2123; x_wconf 85' lang='grc' dir='ltr'>παρατέλευτος</span> <span class='ocrx_word' id='word_1_227' title='bbox 1001 2065 1113 2107; x_wconf 88' lang='grc' dir='ltr'>θέσει</span> <span class='ocrx_word' id='word_1_228' title='bbox 1154 2068 1290 2122; x_wconf 85' lang='grc' dir='ltr'>μακρὰ</span> <span class='ocrx_word' id='word_1_229' title='bbox 1329 2064 1413 2118; x_wconf 87' lang='grc' dir='ltr'>εἴη,</span> <span class='ocrx_word' id='word_1_230' title='bbox 1458 2066 1560 2119; x_wconf 83' lang='grc' dir='ltr'>αὐτὴ</span> <span class='ocrx_word' id='word_1_231' title='bbox 1602 2067 1676 2118; x_wconf 75' lang='grc' dir='ltr'>τὴν</span> <span class='ocrx_word' id='word_1_232' title='bbox 1719 2065 1850 2116; x_wconf 83' lang='grc' dir='ltr'>ὀξεῖαν</span> <span class='ocrx_word' id='word_1_233' title='bbox 1887 2064 1964 2117; x_wconf 84' lang='grc' dir='ltr'>ἕξει</span> 
     </span>
    </p>
   </div>
   <div class='ocr_carea' id='block_1_3' title="bbox 507 2250 1973 2712">
    <p class='ocr_par' dir='ltr' id='par_1_10' title="bbox 507 2250 1973 2712">
     <span class='ocr_line' id='line_1_26' title="bbox 626 2250 1970 2297; baseline -0.001 -10"><span class='ocrx_word' id='word_1_234' title='bbox 626 2253 646 2287; x_wconf 99' lang='grc'>1</span> <span class='ocrx_word' id='word_1_235' title='bbox 678 2256 812 2296; x_wconf 81' lang='grc' dir='ltr'>γλωσση</span> <span class='ocrx_word' id='word_1_236' title='bbox 839 2255 882 2284; x_wconf 99' lang='grc' dir='ltr'>Η</span> <span class='ocrx_word' id='word_1_237' title='bbox 899 2252 903 2295; x_wconf 94' lang='grc' dir='ltr'>Ι</span> <span class='ocrx_word' id='word_1_238' title='bbox 927 2250 1014 2292; x_wconf 81' lang='grc' dir='ltr'>όξεῒα</span> <span class='ocrx_word' id='word_1_239' title='bbox 1040 2254 1180 2297; x_wconf 76' lang='grc' dir='ltr'>βραχεῖα</span> <span class='ocrx_word' id='word_1_240' title='bbox 1204 2265 1266 2285; x_wconf 86' lang='lat' dir='ltr'>om.</span> <span class='ocrx_word' id='word_1_241' title='bbox 1293 2254 1335 2285; x_wconf 89' lang='lat' dir='ltr'><em>H</em></span> <span class='ocrx_word' id='word_1_242' title='bbox 1450 2251 1473 2286; x_wconf 87' lang='lat'>4</span> <span class='ocrx_word' id='word_1_243' title='bbox 1507 2250 1600 2296; x_wconf 85' lang='grc' dir='ltr'>μίαν]</span> <span class='ocrx_word' id='word_1_244' title='bbox 1628 2264 1720 2286; x_wconf 87' lang='grc' dir='ltr'>κειαν</span> <span class='ocrx_word' id='word_1_245' title='bbox 1745 2254 1790 2284; x_wconf 92' lang='grc' dir='ltr'>Η</span> <span class='ocrx_word' id='word_1_246' title='bbox 1809 2264 1918 2287; x_wconf 80' lang='grc' dir='ltr'>εκειαν</span> <span class='ocrx_word' id='word_1_247' title='bbox 1944 2253 1970 2285; x_wconf 90' lang='lat' dir='ltr'><em>S</em></span> 
     </span>
     <span class='ocr_line' id='line_1_27' title="bbox 507 2307 1965 2357; baseline 0.001 -11"><span class='ocrx_word' id='word_1_248' title='bbox 507 2326 594 2347; x_wconf 88' lang='lat' dir='ltr'><em>corr.</em></span> <span class='ocrx_word' id='word_1_249' title='bbox 613 2314 696 2345; x_wconf 85' lang='lat' dir='ltr'><em>Keil</em></span> <span class='ocrx_word' id='word_1_250' title='bbox 788 2311 809 2346; x_wconf 87' lang='lat'>5</span> <span class='ocrx_word' id='word_1_251' title='bbox 836 2307 974 2356; x_wconf 76' lang='grc' dir='ltr'>ἐκείνην]</span> <span class='ocrx_word' id='word_1_252' title='bbox 995 2324 1102 2346; x_wconf 83' lang='grc' dir='ltr'>εκειαν</span> <span class='ocrx_word' id='word_1_253' title='bbox 1121 2313 1195 2344; x_wconf 85' lang='lat' dir='ltr'>HS</span> <span class='ocrx_word' id='word_1_254' title='bbox 1209 2324 1296 2344; x_wconf 86' lang='lat' dir='ltr'><em>corr.</em></span> <span class='ocrx_word' id='word_1_255' title='bbox 1315 2313 1397 2345; x_wconf 86' lang='lat' dir='ltr'><em>Keil</em></span> <span class='ocrx_word' id='word_1_256' title='bbox 1490 2311 1512 2345; x_wconf 83' lang='lat'><strong>6</strong></span> <span class='ocrx_word' id='word_1_257' title='bbox 1538 2324 1603 2357; x_wconf 80' lang='grc' dir='ltr'>εχει</span> <span class='ocrx_word' id='word_1_258' title='bbox 1627 2323 1807 2346; x_wconf 82' lang='grc' dir='ltr'>τεαειταιον</span> <span class='ocrx_word' id='word_1_259' title='bbox 1825 2310 1965 2356; x_wconf 67' lang='lat' dir='ltr'>(ven-eut.</span> 
     </span>
     <span class='ocr_line' id='line_1_28' title="bbox 508 2370 1964 2421; baseline -0.001 -14"><span class='ocrx_word' id='word_1_260' title='bbox 508 2373 564 2415; x_wconf 88' lang='lat' dir='ltr'>H)</span> <span class='ocrx_word' id='word_1_261' title='bbox 591 2385 647 2406; x_wconf 82' lang='grc' dir='ltr'>και</span> <span class='ocrx_word' id='word_1_262' title='bbox 671 2384 727 2406; x_wconf 90' lang='grc' dir='ltr'>τον</span> <span class='ocrx_word' id='word_1_263' title='bbox 752 2374 975 2414; x_wconf 84' lang='grc' dir='ltr'>παρατελευτο</span> <span class='ocrx_word' id='word_1_264' title='bbox 999 2372 1075 2403; x_wconf 87' lang='lat' dir='ltr'>HS</span> <span class='ocrx_word' id='word_1_265' title='bbox 1097 2384 1182 2403; x_wconf 81' lang='lat' dir='ltr'><em>corr.</em></span> <span class='ocrx_word' id='word_1_266' title='bbox 1210 2373 1292 2404; x_wconf 85' lang='lat' dir='ltr'><em>Keil</em></span> <span class='ocrx_word' id='word_1_267' title='bbox 1393 2370 1415 2406; x_wconf 88' lang='grc'><strong>8</strong></span> <span class='ocrx_word' id='word_1_268' title='bbox 1440 2383 1456 2406; x_wconf 89' lang='grc' dir='ltr'>ε</span> <span class='ocrx_word' id='word_1_269' title='bbox 1479 2378 1520 2414; x_wconf 67' lang='grc' dir='ltr'>τη</span> <span class='ocrx_word' id='word_1_270' title='bbox 1546 2374 1729 2414; x_wconf 84' lang='grc' dir='ltr'>παρατελες</span> <span class='ocrx_word' id='word_1_271' title='bbox 1753 2373 1798 2404; x_wconf 88' lang='lat' dir='ltr'><em>H</em></span> <span class='ocrx_word' id='word_1_272' title='bbox 1818 2373 1964 2421; x_wconf 82' lang='grc' dir='ltr'>συλλαβῇ</span> 
     </span>
     <span class='ocr_line' id='line_1_29' title="bbox 508 2429 1968 2474; baseline 0 -10"><span class='ocrx_word' id='word_1_273' title='bbox 508 2444 569 2464; x_wconf 88' lang='lat' dir='ltr'>om.</span> <span class='ocrx_word' id='word_1_274' title='bbox 601 2433 645 2464; x_wconf 86' lang='lat' dir='ltr'><em>H</em></span> <span class='ocrx_word' id='word_1_275' title='bbox 771 2430 793 2464; x_wconf 84' lang='grc'><strong>9</strong></span> <span class='ocrx_word' id='word_1_276' title='bbox 830 2442 1058 2474; x_wconf 80' lang='grc' dir='ltr'>προαννεγνως</span> <span class='ocrx_word' id='word_1_277' title='bbox 1088 2433 1132 2463; x_wconf 98' lang='grc' dir='ltr'>Η</span> <span class='ocrx_word' id='word_1_278' title='bbox 1150 2433 1265 2464; x_wconf 82' lang='lat' dir='ltr'><em>seclusi</em></span> <span class='ocrx_word' id='word_1_279' title='bbox 1395 2430 1439 2464; x_wconf 95' lang='lat'>11</span> <span class='ocrx_word' id='word_1_280' title='bbox 1478 2434 1632 2474; x_wconf 84' lang='grc' dir='ltr'>παραταλ</span> <span class='ocrx_word' id='word_1_281' title='bbox 1663 2432 1707 2463; x_wconf 88' lang='lat' dir='ltr'><em>H</em></span> <span class='ocrx_word' id='word_1_282' title='bbox 1827 2429 1873 2464; x_wconf 83' lang='lat'>12</span> <span class='ocrx_word' id='word_1_283' title='bbox 1910 2443 1968 2470; x_wconf 85' lang='grc' dir='ltr'>ωις</span> 
     </span>
     <span class='ocr_line' id='line_1_30' title="bbox 509 2489 1965 2535; baseline -0.002 -11"><span class='ocrx_word' id='word_1_284' title='bbox 509 2494 552 2524; x_wconf 98' lang='grc' dir='ltr'>Η</span> <span class='ocrx_word' id='word_1_285' title='bbox 581 2490 585 2534; x_wconf 89' lang='grc' dir='ltr'>Ι</span> <span class='ocrx_word' id='word_1_286' title='bbox 618 2495 796 2534; x_wconf 80' lang='grc' dir='ltr'>ηπερᾶτεσι</span> <span class='ocrx_word' id='word_1_287' title='bbox 825 2492 869 2523; x_wconf 88' lang='lat' dir='ltr'><em>H</em></span> <span class='ocrx_word' id='word_1_288' title='bbox 1007 2490 1053 2524; x_wconf 80' lang='lat'>13</span> <span class='ocrx_word' id='word_1_289' title='bbox 1090 2502 1218 2535; x_wconf 76' lang='grc' dir='ltr'>εχουσιν</span> <span class='ocrx_word' id='word_1_290' title='bbox 1243 2493 1287 2522; x_wconf 87' lang='grc' dir='ltr'><em>Η</em></span> <span class='ocrx_word' id='word_1_291' title='bbox 1426 2489 1471 2523; x_wconf 83' lang='lat'>14</span> <span class='ocrx_word' id='word_1_292' title='bbox 1508 2502 1590 2525; x_wconf 83' lang='grc' dir='ltr'>ειται</span> <span class='ocrx_word' id='word_1_293' title='bbox 1614 2491 1659 2523; x_wconf 88' lang='lat' dir='ltr'><em>H</em></span> <span class='ocrx_word' id='word_1_294' title='bbox 1684 2501 1805 2524; x_wconf 88' lang='grc' dir='ltr'>εσειται</span> <span class='ocrx_word' id='word_1_295' title='bbox 1829 2491 1856 2522; x_wconf 91' lang='lat' dir='ltr'><em>S</em></span> <span class='ocrx_word' id='word_1_296' title='bbox 1877 2502 1965 2522; x_wconf 89' lang='lat' dir='ltr'><em>corr.</em></span> 
     </span>
     <span class='ocr_line' id='line_1_31' title="bbox 510 2544 1970 2593; baseline -0.001 -10"><span class='ocrx_word' id='word_1_297' title='bbox 510 2553 592 2583; x_wconf 84' lang='lat' dir='ltr'><em>Keil</em></span> <span class='ocrx_word' id='word_1_298' title='bbox 731 2549 776 2584; x_wconf 86' lang='lat'>15</span> <span class='ocrx_word' id='word_1_299' title='bbox 814 2562 975 2593; x_wconf 84' lang='grc' dir='ltr'>προτεραν</span> <span class='ocrx_word' id='word_1_300' title='bbox 1009 2550 1084 2582; x_wconf 91' lang='lat' dir='ltr'>HS</span> <span class='ocrx_word' id='word_1_301' title='bbox 1114 2562 1201 2582; x_wconf 79' lang='lat' dir='ltr'><em>corr.</em></span> <span class='ocrx_word' id='word_1_302' title='bbox 1236 2551 1318 2582; x_wconf 87' lang='lat' dir='ltr'><em>Keil</em></span> <span class='ocrx_word' id='word_1_303' title='bbox 1459 2549 1505 2583; x_wconf 83' lang='lat'>16</span> <span class='ocrx_word' id='word_1_304' title='bbox 1543 2550 1614 2592; x_wconf 85' lang='grc' dir='ltr'>ὥρα</span> <span class='ocrx_word' id='word_1_305' title='bbox 1639 2544 1756 2592; x_wconf 86' lang='grc' dir='ltr'>Ῥώμη</span> <span class='ocrx_word' id='word_1_306' title='bbox 1788 2550 1859 2581; x_wconf 90' lang='lat' dir='ltr'><em>secl.</em></span> <span class='ocrx_word' id='word_1_307' title='bbox 1887 2550 1970 2581; x_wconf 84' lang='lat' dir='ltr'><em>Keil</em></span> 
     </span>
     <span class='ocr_line' id='line_1_32' title="bbox 510 2607 1973 2653; baseline -0.002 -9"><span class='ocrx_word' id='word_1_308' title='bbox 510 2609 557 2644; x_wconf 89' lang='lat'>18</span> <span class='ocrx_word' id='word_1_309' title='bbox 582 2622 652 2644; x_wconf 89' lang='grc' dir='ltr'>εται</span> <span class='ocrx_word' id='word_1_310' title='bbox 677 2612 719 2642; x_wconf 91' lang='grc' dir='ltr'><em>Η</em></span> <span class='ocrx_word' id='word_1_311' title='bbox 736 2608 741 2653; x_wconf 95' lang='grc' dir='ltr'>Ι</span> <span class='ocrx_word' id='word_1_312' title='bbox 763 2622 809 2648; x_wconf 82' lang='grc' dir='ltr'>ως</span> <span class='ocrx_word' id='word_1_313' title='bbox 834 2621 870 2643; x_wconf 88' lang='grc' dir='ltr'>το</span> <span class='ocrx_word' id='word_1_314' title='bbox 896 2621 1005 2652; x_wconf 84' lang='grc' dir='ltr'>νωμος</span> <span class='ocrx_word' id='word_1_315' title='bbox 1021 2612 1066 2642; x_wconf 90' lang='grc' dir='ltr'><em>Η</em></span> <span class='ocrx_word' id='word_1_316' title='bbox 1204 2609 1249 2643; x_wconf 83' lang='grc'>19</span> <span class='ocrx_word' id='word_1_317' title='bbox 1283 2608 1557 2652; x_wconf 78' lang='grc' dir='ltr'>οξιτονιθνησεται</span> <span class='ocrx_word' id='word_1_318' title='bbox 1581 2611 1626 2641; x_wconf 92' lang='grc' dir='ltr'><em>Η</em></span> <span class='ocrx_word' id='word_1_319' title='bbox 1649 2607 1655 2653; x_wconf 96' lang='grc' dir='ltr'>Ι</span> <span class='ocrx_word' id='word_1_320' title='bbox 1685 2621 1731 2648; x_wconf 86' lang='grc' dir='ltr'>ως</span> <span class='ocrx_word' id='word_1_321' title='bbox 1755 2619 1791 2642; x_wconf 86' lang='grc' dir='ltr'>το</span> <span class='ocrx_word' id='word_1_322' title='bbox 1817 2609 1904 2647; x_wconf 73' lang='grc' dir='ltr'>θεως</span> <span class='ocrx_word' id='word_1_323' title='bbox 1929 2610 1973 2640; x_wconf 89' lang='grc' dir='ltr'><em>Η</em></span> 
     </span>
     <span class='ocr_line' id='line_1_33' title="bbox 512 2667 1967 2712; baseline -0.001 -10"><span class='ocrx_word' id='word_1_324' title='bbox 512 2669 558 2703; x_wconf 84' lang='grc'>20</span> <span class='ocrx_word' id='word_1_325' title='bbox 590 2673 720 2712; x_wconf 84' lang='grc' dir='ltr'>τρισυλλ</span> <span class='ocrx_word' id='word_1_326' title='bbox 753 2682 774 2712; x_wconf 81' lang='grc' dir='ltr'>η</span> <span class='ocrx_word' id='word_1_327' title='bbox 806 2681 871 2708; x_wconf 85' lang='grc' dir='ltr'>τοις</span> <span class='ocrx_word' id='word_1_328' title='bbox 904 2672 1084 2712; x_wconf 85' lang='grc' dir='ltr'>τετρασυλλ</span> <span class='ocrx_word' id='word_1_329' title='bbox 1115 2670 1159 2701; x_wconf 90' lang='grc' dir='ltr'><em>Η</em></span> <span class='ocrx_word' id='word_1_330' title='bbox 1285 2667 1330 2702; x_wconf 84' lang='grc'>21</span> <span class='ocrx_word' id='word_1_331' title='bbox 1365 2668 1532 2712; x_wconf 80' lang='grc' dir='ltr'>συλλαβάς</span> <span class='ocrx_word' id='word_1_332' title='bbox 1564 2680 1626 2701; x_wconf 88' lang='lat' dir='ltr'>om.</span> <span class='ocrx_word' id='word_1_333' title='bbox 1659 2669 1686 2700; x_wconf 91' lang='lat' dir='ltr'><em>S</em></span> <span class='ocrx_word' id='word_1_334' title='bbox 1712 2679 1778 2712; x_wconf 81' lang='grc' dir='ltr'>εχει</span> <span class='ocrx_word' id='word_1_335' title='bbox 1803 2669 1847 2700; x_wconf 90' lang='grc' dir='ltr'><em>Η</em></span> <span class='ocrx_word' id='word_1_336' title='bbox 1863 2667 1868 2710; x_wconf 94' lang='grc' dir='ltr'>Ι</span> <span class='ocrx_word' id='word_1_337' title='bbox 1889 2679 1967 2710; x_wconf 83' lang='grc' dir='ltr'>ηται</span> 
     </span>
    </p>
   </div>
   <div class='ocr_carea' id='block_1_4' title="bbox 512 2726 1968 2832">
    <p class='ocr_par' dir='ltr' id='par_1_11' title="bbox 512 2726 1968 2832">
     <span class='ocr_line' id='line_1_34' title="bbox 512 2726 1968 2771; baseline -0.001 -9"><span class='ocrx_word' id='word_1_338' title='bbox 512 2735 607 2762; x_wconf 86' lang='grc' dir='ltr'>ταυτῖ</span> <span class='ocrx_word' id='word_1_339' title='bbox 630 2730 672 2760; x_wconf 89' lang='grc' dir='ltr'><em>Η</em></span> <span class='ocrx_word' id='word_1_340' title='bbox 691 2740 795 2771; x_wconf 83' lang='grc' dir='ltr'>ταυτη</span> <span class='ocrx_word' id='word_1_341' title='bbox 823 2730 848 2760; x_wconf 91' lang='lat' dir='ltr'><em>S</em></span> <span class='ocrx_word' id='word_1_342' title='bbox 869 2728 990 2771; x_wconf 74' lang='grc' dir='ltr'>ταύτης</span> <span class='ocrx_word' id='word_1_343' title='bbox 1015 2730 1097 2761; x_wconf 81' lang='lat' dir='ltr'><em>K&#39;etl</em></span> <span class='ocrx_word' id='word_1_344' title='bbox 1195 2727 1240 2762; x_wconf 83' lang='lat'>22</span> <span class='ocrx_word' id='word_1_345' title='bbox 1266 2741 1292 2762; x_wconf 90' lang='grc' dir='ltr'>ω</span> <span class='ocrx_word' id='word_1_346' title='bbox 1308 2757 1314 2763; x_wconf 95' lang='grc'><em>.</em></span> <span class='ocrx_word' id='word_1_347' title='bbox 1329 2740 1345 2762; x_wconf 93' lang='grc' dir='ltr'>ο</span> <span class='ocrx_word' id='word_1_348' title='bbox 1370 2729 1527 2767; x_wconf 84' lang='grc' dir='ltr'>Τουλλιος</span> <span class='ocrx_word' id='word_1_349' title='bbox 1551 2729 1595 2760; x_wconf 87' lang='lat' dir='ltr'><em>H</em></span> <span class='ocrx_word' id='word_1_350' title='bbox 1614 2726 1650 2762; x_wconf 90' lang='grc' dir='ltr'>τό</span> <span class='ocrx_word' id='word_1_351' title='bbox 1675 2739 1737 2760; x_wconf 85' lang='lat' dir='ltr'>om.</span> <span class='ocrx_word' id='word_1_352' title='bbox 1765 2728 1791 2759; x_wconf 90' lang='lat' dir='ltr'><em>S</em></span> <span class='ocrx_word' id='word_1_353' title='bbox 1810 2726 1968 2766; x_wconf 77' lang='grc' dir='ltr'>Τούλλιος</span> 
     </span>
     <span class='ocr_line' id='line_1_35' title="bbox 514 2783 1356 2832; baseline -0.001 -11"><span class='ocrx_word' id='word_1_354' title='bbox 514 2783 707 2831; x_wconf 48' lang='grc' dir='ltr'>(Ορτήνσιος</span> <span class='ocrx_word' id='word_1_355' title='bbox 732 2789 848 2820; x_wconf 84' lang='lat' dir='ltr'><em>seclusi</em></span> <span class='ocrx_word' id='word_1_356' title='bbox 942 2787 987 2821; x_wconf 83' lang='lat'>23</span> <span class='ocrx_word' id='word_1_357' title='bbox 1014 2789 1109 2822; x_wconf 78' lang='grc' dir='ltr'>θσσει</span> <span class='ocrx_word' id='word_1_358' title='bbox 1134 2789 1177 2820; x_wconf 90' lang='grc' dir='ltr'>Η</span> <span class='ocrx_word' id='word_1_359' title='bbox 1194 2787 1198 2831; x_wconf 98' lang='grc' dir='ltr'>Ι</span> <span class='ocrx_word' id='word_1_360' title='bbox 1222 2800 1288 2832; x_wconf 73' lang='grc' dir='ltr'>εχει</span> <span class='ocrx_word' id='word_1_361' title='bbox 1313 2789 1356 2820; x_wconf 89' lang='grc' dir='ltr'>Η</span> 
     </span>
    </p>
   </div>
  </div>
 </body>
</html>
