2164 3471
127 1169 170 1203 10

127 1529 170 1561 15

125 1885 169 1919 20

1611 327 1664 367 59

200 458 232 488 p.
258 447 326 485 408
356 447 399 478 K.

198 517 477 571 participium
522 519 668 558 autem
714 517 877 559 dictum
925 518 1124 571 videtur,
1171 518 1285 570 quod
1315 521 1485 570 partem
1519 517 1666 569 capiat

198 588 393 643 nominis,
424 591 595 641 partem
628 588 764 630 verbi.
797 588 1030 642 participio
1064 588 1267 631 accidunt
1290 601 1316 630 a
1338 588 1509 630 nomine
1531 599 1667 642 genus

199 663 243 702 et
275 671 412 710 casus,
444 671 471 701 a
503 659 637 701 verbo
671 660 865 712 qualitas
897 666 942 702 et
963 664 1145 714 tempus,
1179 661 1234 702 ab
1257 663 1442 711 utroque
1463 671 1667 702 numerus

198 734 244 773 et
273 730 426 784 figura.
488 743 652 784 genera
683 731 930 785 participiis
963 732 1178 785 accidunt,
1210 731 1494 774 masculinum
1526 735 1576 773 ut
1596 731 1669 773 hic

197 801 355 856 factus,
387 802 652 856 femininum,
687 807 735 845 ut
767 804 876 846 haec
903 803 1036 856 facta,
1068 806 1283 857 neutrum,
1317 806 1367 845 ut
1388 803 1469 845 hoc
1490 803 1667 856 factum,

197 885 430 927 commune,
463 877 513 915 ut
544 873 733 928 faciens3
779 878 989 928 tempora,
1022 875 1322 928 praeteritum,
1355 879 1405 916 ut
1435 875 1668 927 iaculatus,

196 957 423 1000 praesens,
465 949 516 987 ut
547 946 767 1000 iaculans,
800 946 1013 1000 futurum,
1046 950 1096 988 ut
1126 946 1413 989 iaculaturus.
1477 946 1669 998 qualitas

195 1017 526 1070 participiorum
558 1018 673 1060 sicut
705 1019 950 1060 verborum.
1013 1023 1091 1060 aut.
1123 1018 1237 1060 enim
1265 1018 1444 1072 agentia
1468 1022 1570 1060 sunt
1593 1024 1669 1060 aut

194 1089 414 1142 patientia
446 1092 524 1131 aut
556 1090 797 1131 communia
830 1093 908 1132 aut
939 1094 1100 1132 neutra
1132 1093 1210 1132 aut
1234 1090 1506 1142 deponentia.
1570 1102 1667 1132 con-

196 1160 415 1204 vivandus
445 1173 533 1203 non
564 1161 758 1204 dicimus.
812 1162 1131 1204 convivandum
1154 1166 1301 1204 tamen
1325 1161 1506 1203 dicimus
1528 1161 1670 1215 figura

195 1232 300 1286 ista,
343 1244 429 1285 qua
460 1232 506 1274 in
539 1233 737 1275 omnibus
769 1233 917 1276 verbis
949 1233 1134 1286 utimur,
1166 1232 1419 1275 luctandum
1451 1232 1558 1274 mihi
1590 1236 1668 1275 est.

195 1303 365 1346 numeri
396 1305 496 1357 duo,
528 1304 766 1358 singularis
799 1308 844 1347 et
875 1305 1069 1357 pluralis.
1130 1304 1298 1358 figurae
1331 1305 1451 1357 duae,
1486 1303 1669 1357 simplex

198 1379 243 1418 et
275 1375 525 1428 composita.

315 1447 427 1490 Sunt
442 1447 582 1490 multa
598 1448 783 1502 nomina,
807 1460 918 1500 quae
940 1448 1126 1501 speciem
1142 1448 1474 1501 participiorum
1491 1447 1668 1500 habent.

197 1522 248 1561 ut
287 1519 513 1562 tunicatus
544 1518 772 1573 galeatus3
817 1532 928 1572 quae
960 1520 1116 1572 <quia>
1147 1523 1319 1572 partem
1352 1532 1379 1562 a
1410 1519 1544 1561 verbo
1583 1531 1669 1561 non

1717 599 1737 632 'Q

195 1591 382 1646 habent,
413 1603 499 1634 non
530 1594 651 1633 recte
682 1591 920 1644 participia
952 1592 1170 1634 dicuntur.
1232 1594 1335 1634 sunt
1367 1591 1570 1643 aequalia
1593 1603 1667 1632 no·
1722 1603 1738 1634 ῖ

195 1663 333 1717 mina,
375 1675 488 1716 quae
532 1663 804 1706 nominativo
844 1676 949 1705 casu
980 1663 1225 1716 participiis
1257 1662 1419 1705 similia
1450 1662 1668 1715 videntur,

195 1737 246 1777 ut
292 1734 435 1778 cultus
486 1747 640 1788 passus
693 1735 836 1788 visus,
890 1747 1072 1787 quorum
1124 1735 1330 1777 discretio
1378 1734 1668 1777 declinatione

196 1807 432 1861 detegitur.

315 1878 432 1921 Illud
462 1879 783 1922 observandum
817 1882 904 1932 est,
942 1878 1284 1931 inpersonalium
1316 1879 1549 1921 verborum
1581 1891 1668 1921 om-

196 1950 298 1993 nino
338 1950 576 2003 participia
607 1963 694 1993 non
727 1962 844 2004 esse,
887 1950 1086 2002 quamvis
1118 1949 1260 1993 visum
1291 1949 1428 1992 fuerit
1459 1949 1669 1993 Sallustio

197 2021 343 2065 dicere
371 2021 678 2076 ‘paenitentem
709 2021 957 2075 Lepidum³3
997 2026 1042 2064 et
1073 2022 1250 2074 pudens.
1313 2022 1389 2064 sed
1420 2021 1559 2075 magis
1593 2034 1666 2074 ap-

195 2093 377 2147 pellatio
410 2107 539 2147 quam
570 2094 852 2147 participium
885 2096 974 2147 est,
1019 2097 1039 2137 ὁ
1074 2097 1358 2154 αἰσχυντηρὸς,
1397 2094 1512 2136 unde
1543 2093 1668 2146 inpu-

195 2166 301 2209 dens
334 2169 355 2211 ὁ
388 2169 662 2227 ἀναίσχυντος.

317 2320 363 2354 21
390 2323 527 2354 Sallust.
553 2323 686 2353 H'islor.
713 2322 781 2353 Rel.
810 2322 834 2352 l
854 2322 901 2352 68
925 2322 1208 2352 Maurenbrecher

319 2463 341 2498 2
376 2470 572 2507 partemque
598 2465 691 2496 verbi
722 2465 822 2496 Char.
945 2463 966 2496 9
994 2470 1071 2506 post
1095 2465 1303 2506 deponentia
1327 2465 1491 2495 nonnulla
1517 2465 1670 2496 excidisse

200 2527 350 2568 cognovit
373 2525 464 2566 Jeep,
490 2525 646 2557 Redeteile
671 2534 719 2562 23
839 2522 884 2556 11
911 2524 1130 2555 luctuandum
1157 2525 1183 2555 S
1205 2535 1291 2555 corr.
1318 2524 1401 2555 Keil
1518 2522 1563 2556 15
1591 2524 1669 2565 quia

199 2585 276 2617 add.
303 2585 386 2616 Keil
414 2585 531 2616 collato
555 2585 692 2615 Donato
713 2585 798 2622 388,
828 2594 874 2623 15
907 2579 1003 2626 ‘quae
1035 2585 1115 2626 quia
1142 2595 1162 2615 α
1187 2584 1285 2615 verbo
1310 2595 1376 2615 non
1400 2578 1555 2615 veniunt'
1593 2594 1668 2615 cum

200 2650 329 2686 partem
355 2644 450 2676 verbi
476 2654 545 2675 non
570 2643 719 2674 habeant
749 2643 848 2675 Char.
970 2642 1017 2676 16
1058 2649 1136 2674 sunt
1161 2643 1301 2674 nomina
1326 2643 1515 2685 participiis
1541 2643 1668 2675 similia

200 2705 248 2736 M
338 2702 383 2736 21
418 2698 582 2745 ‘quamvis
616 2704 781 2734 Salustius
814 2704 939 2735 dixerit
971 2705 1007 2734 in
1032 2705 1151 2744 prima
1183 2703 1325 2734 historia
1360 2698 1534 2745 ‘Lepidum
1552 2705 1667 2744 paeni-

201 2769 316 2796 tentem
341 2765 459 2796 consili
466 2758 476 2772 ’
504 2763 603 2794 Clzar.
631 2772 711 2801 255,
734 2773 777 2793 JJ
804 2762 964 2794 Sallustio
991 2764 1072 2794 MS
1093 2763 1166 2794 vide
1190 2763 1254 2793 XL
1265 2763 1316 2794 VI
1326 2772 1347 2804 9
1445 2760 1491 2795 24
1518 2773 1669 2795 αναιπν·

201 2834 256 2862 τος
281 2824 363 2855 MS
385 2835 471 2855 corr.
500 2824 582 2855 Keil
