2164 3471
112 1227 155 1262 10

111 1657 153 1691 15

110 2014 156 2049 20

1588 321 1640 360 41

184 445 215 476 P·
242 442 322 475 397·
351 434 430 474 398·
458 442 524 474 399
552 435 595 466 Κ-

183 503 464 558 telleguntur.
516 505 625 548 haec
647 518 673 548 a
691 506 872 549 Graecis
894 517 974 551 τῶν
996 511 1091 567 πρός
1106 526 1146 551 τι
1163 508 1452 562 appellantur,
1475 509 1519 550 id
1542 509 1555 562 Η
1579 514 1645 551 est

182 576 238 618 ad
269 575 446 628 aliquid.
507 580 610 619 sunt
651 582 696 620 et
737 578 897 621 Similia
937 588 1017 623 τῶν
1058 583 1153 638 πρὸς
1194 584 1234 624 τί
1271 599 1352 632 πως
1383 582 1553 640 ἔχοντα,
1601 580 1646 622 id

181 649 249 689 est
290 648 345 689 ad
387 646 554 700 aliquid
597 650 781 701 quodam
822 650 945 692 modo
989 651 1287 705 attendentia,
1336 654 1385 693 ut
1427 651 1646 694 dexterior

181 718 436 761 sinisterior.

298 861 441 904 XXV.
494 861 605 904 Sunt
644 875 814 916 quoque
852 864 1062 916 quaedam
1094 865 1371 919 homonyma,
1417 877 1527 917 quae
1559 878 1646 907 una

181 932 476 986 appellatione
517 933 646 986 plura
683 934 950 989 significant,
995 939 1043 978 ut
1075 948 1208 988 nepos
1239 936 1366 979 acies.
1428 936 1647 991 significat

181 1004 295 1046 enim
335 1016 469 1057 nepos
512 1010 557 1047 et
599 1008 764 1048 certum
807 1007 1078 1061 cognationis
1109 1008 1292 1061 gradum
1325 1013 1370 1050 et
1400 1008 1466 1050 rei
1497 1008 1647 1050 avitae

182 1079 538 1129 consumptorem.
601 1077 804 1120 similiter
835 1078 950 1121 acies
984 1084 1028 1120 et
1050 1079 1268 1122 oculorum
1292 1079 1452 1122 dicitur
1474 1082 1519 1122 et
1539 1079 1647 1122 ferri

180 1152 228 1189 et
259 1147 490 1190 exercitus.
551 1150 764 1201 quaedam
798 1152 899 1191 sunt
931 1162 1181 1205 synonyma,
1214 1163 1325 1203 quae
1355 1151 1553 1204 pluribus
1584 1151 1645 1193 lo-

182 1218 321 1271 quelis
361 1219 476 1262 idem
517 1219 785 1274 significant,
832 1225 882 1263 ut
928 1225 1050 1264 terra
1090 1223 1266 1276 humus,
1309 1222 1424 1264 ensis
1465 1222 1646 1276 gladius.

1698 1164 1717 1197 10

181 1291 393 1343 quaedam
434 1291 604 1334 mediae
644 1292 901 1346 potestatis,
945 1305 1057 1345 quae
1094 1293 1456 1347 significationem
1489 1306 1516 1336 a
1548 1306 1645 1337 con·
1697 1307 1716 1340 3

179 1362 341 1405 iunctis
373 1366 559 1417 sumunt,
591 1366 642 1405 ut
662 1375 846 1417 magnus
867 1363 1007 1407 fortis.
1053 1365 1161 1407 haec
1183 1365 1296 1407 enim
1317 1377 1394 1418 per
1416 1377 1461 1407 se
1482 1365 1646 1408 nullum

179 1434 346 1477 habent
385 1433 660 1477 intellectum
704 1439 750 1477 et
789 1435 886 1478 ideo
919 1449 946 1478 a
977 1436 1233 1488 quibusdam
1276 1436 1540 1479 adiectiones
1572 1449 1646 1480 vo-

181 1508 349 1560 cantur,
381 1509 433 1548 ut
463 1518 647 1560 magnus
678 1506 759 1560 vir,
791 1506 921 1549 fortis
954 1508 1182 1550 exercitus.

297 1649 465 1692 XXVI.
516 1648 771 1692 Nominibus
794 1650 999 1692 accidunt
1021 1651 1153 1693 etiam
1171 1651 1434 1694 collationes.
1487 1653 1646 1705 gradus

182 1721 334 1773 itaque
377 1720 623 1763 collationis
664 1724 767 1763 sunt
799 1725 911 1775 tres,
951 1722 1197 1777 absolutus,
1239 1726 1290 1764 ut
1321 1723 1492 1777 doctus,
1535 1735 1646 1765 com-

180 1792 422 1846 parativus,
453 1795 505 1835 ut
527 1792 705 1846 doctior,
738 1793 1044 1847 superlativus,
1066 1797 1116 1836 ut
1138 1794 1422 1837 doctissimus.
1473 1795 1648 1837 nomina

182 1863 428 1907 collationis
467 1864 672 1917 imposita
710 1877 864 1917 parum
895 1865 1079 1918 proprie.
1141 1877 1241 1908 nam
1274 1869 1319 1908 et
1351 1867 1502 1908 doctus
1525 1866 1540 1918 ΙΙ
1563 1866 1646 1909 col-

181 1935 360 1978 lationis
402 1936 552 1979 modus
593 1948 679 1978 non
712 1939 799 1990 est,
845 1948 939 1978 cum
972 1936 1197 1980 absolutus
1228 1937 1286 1979 sit
1318 1940 1362 1979 et
1394 1937 1504 1979 nulli
1536 1950 1647 1980 com-

1697 1807 1718 1839 ¹0

183 2011 375 2060 paretur.
446 2007 551 2050 item
599 2007 766 2050 doctior
812 2020 898 2049 non
945 2012 1062 2050 recte
1110 2008 1270 2050 dicitur
1311 2009 1647 2062 comparativus,
1698 2022 1718 2055 3

302 2150 323 2184 1
350 2152 415 2183 hoc
442 2157 492 2183 est
515 2153 617 2183 HM
719 2150 740 2183 ‘2
775 2152 900 2183 similia
925 2152 968 2182 ad
995 2152 1125 2193 aliquid
1151 2152 1403 2193 quodammodo
1430 2163 1464 2184 se
1490 2153 1648 2184 habentia

184 2212 285 2244 HM
301 2222 374 2249 πως
403 2211 503 2243 Clzar.
529 2222 572 2244 πο
605 2212 631 2243 S
713 2210 735 2243 3
761 2216 956 2242 attenuenta
974 2213 1001 2242 S
1022 2211 1228 2243 attendentia
1244 2213 1330 2244 Exc.
1357 2212 1518 2243 habentia
1547 2213 1646 2244 Clzar.

185 2271 397 2302 attendentia
421 2271 475 2302 vel
502 2271 616 2302 taliter
642 2271 787 2312 qualiter
813 2281 848 2302 se
872 2271 1037 2302 habentia
1053 2272 1166 2303 Diam.
1180 2282 1264 2311 322,
1280 2282 1331 2311 51
1429 2271 1449 2304 5
1476 2272 1648 2303 omonima

185 2331 333 2362 uniuoca
356 2331 458 2362 HM
475 2342 537 2362 om.
557 2331 583 2362 S
677 2329 699 2363 6
725 2331 958 2372 appellatione
985 2341 1011 2361 ω
1030 2331 1180 2372 loquella
1200 2332 1300 2363 Char.
1319 2332 1405 2364 Exc.
1505 2330 1522 2363 ‘a'
1542 2341 1648 2373 nepos

185 2402 247 2422 om.
273 2388 395 2433 HM!
417 2390 555 2421 habitae
591 2401 619 2422 ω
652 2391 763 2422 avitae
800 2390 901 2422 Char.
927 2391 975 2421 rei
1002 2391 1112 2421 avitae
1138 2402 1200 2422 om.
1226 2392 1312 2422 Exc.
1411 2390 1433 2423 9
1459 2401 1648 2433 synonyma

188 2450 288 2482 Clzar.
322 2450 408 2481 Exc.
441 2461 503 2481 om.
531 2451 557 2481 S
585 2450 775 2491 aequiuoca
799 2450 901 2481 HM
931 2447 936 2491 Ι
974 2450 1134 2491 loquellis
1171 2451 1270 2482 Clzar.
1304 2451 1390 2482 Exc.
1536 2449 1582 2483 10
1613 2455 1649 2481 ut

184 2509 458 2550 terra—gladius
496 2521 559 2541 om.
597 2510 643 2541 H
670 2507 674 2549 Ι
710 2509 842 2550 gladius
880 2510 906 2540 S
939 2510 1024 2542 Exc.
1063 2520 1179 2541 mucro
1216 2511 1275 2547 M,
1316 2511 1351 2541 in
1388 2521 1451 2552 quo
1489 2516 1526 2541 ut
1562 2515 1649 2541 terra

184 2579 346 2600 —mucro
385 2569 420 2600 in
454 2579 516 2610 mg.
552 2569 667 2600 addila
703 2574 784 2600 sunt
813 2579 928 2601 mucro
959 2569 1058 2600 Char.
1204 2567 1250 2601 12
1292 2570 1375 2601 haec
1412 2576 1525 2601 auten]
1556 2571 1597 2600 H
1607 2571 1655 2601 M

185 2627 231 2661 13
255 2628 359 2659 habet
385 2629 412 2659 S
529 2626 575 2660 16
618 2628 819 2659 collationes
845 2640 932 2660 corr.
959 2629 1003 2660 -is
1029 2630 1055 2660 S
1077 2629 1333 2670 compositionis
1358 2629 1459 2660 HM
1481 2627 1485 2671 l
1514 2634 1550 2660 ut
1575 2634 1649 2660 ante

186 2688 316 2727 doctus,
344 2687 487 2726 doctior,
515 2687 729 2719 doctissimus
756 2699 817 2719 om.
844 2689 943 2719 HM
1041 2686 1087 2721 18
1113 2698 1232 2729 parum
1256 2689 1342 2720 Exc.
1377 2699 1445 2719 non
1471 2689 1570 2719 HM
1595 2699 1645 2720 ra-

184 2758 258 2779 rum
283 2748 310 2779 S
327 2745 332 2790 Ι
355 2748 514 2789 propriae
540 2748 566 2778 S
672 2746 718 2779 19
752 2748 873 2778 modus
900 2757 927 2778 ω
954 2748 1077 2788 gradus
1103 2749 1186 2779 Exc.
1210 2745 1215 2790 1
1237 2748 1367 2779 solutus
1393 2758 1420 2778 ω
1447 2749 1532 2779 Exc.
1559 2759 1646 2780 corr.

184 2808 267 2839 Keil
285 2805 290 2850 Ι
312 2807 415 2838 nullis
441 2808 468 2838 S
