2148 3407
427 291 480 332 12

426 419 458 450 p.
487 409 564 448 382.
593 406 658 447 383
687 406 729 437 K.

425 496 570 533 στηκεν
603 482 681 536 γὰρ
712 479 737 531 ἢ
770 479 815 519 ἐκ
846 483 918 519 τοῦ
951 487 980 527 g
1010 478 1080 518 καὶ
1110 486 1141 527 S,
1175 479 1227 526 ὡς
1257 477 1306 517 τὸ
1338 485 1417 515 rex
1447 472 1581 526 regis,
1622 476 1646 528 ἢ
1679 475 1725 516 ἐκ
1755 479 1828 516 τοῦ
1860 483 1884 514 c

376 564 397 597 9
424 553 493 593 καὶ
523 561 556 602 S,
590 554 642 600 ὡς
672 552 721 592 τὸ
753 546 828 600 pix
849 546 968 599 picis.
1029 549 1098 589 ’διὰ
1119 552 1243 589 τοῦτο
1266 548 1470 604 γράμμαὶς
1502 546 1689 602 ἀρνεῖται.
1742 544 1884 604 ἄφωνά

424 624 543 674 ἐστιν,
588 622 614 662 ἃ
647 620 740 663 οὔτε
770 621 866 662 καθ’
896 619 1024 661 ἑαυτὰ
1055 618 1322 677 ἐκφωνεῒσῦαι
1350 617 1521 659 δύναται
1552 617 1644 659 οὔτε
1676 617 1883 674 συλλαβὴν

355 705 398 738 10
423 698 596 746 ποιῆσαι.
660 691 766 734 ἔστιν
806 693 854 733 δὲ
894 692 965 732 τὸν
1008 691 1176 747 ἀριθμὸν
1209 690 1320 731 ἐννέα
1443 689 1501 731 ,ἐκ
1530 689 1686 731 τούτων
1717 689 1884 744 περισσά

422 779 522 806 τισιν
552 765 816 821 δοκιμάζεται
845 764 894 804 τὸ
927 760 959 801 k
989 763 1059 803 καὶ
1088 762 1136 803 τὸ
1170 770 1210 813 q,
1245 760 1308 802 ὅτι
1332 761 1380 801 τὸ
1404 769 1427 799 C
1448 761 1618 817 γράμμα
1638 761 1709 801 τὶν
1729 759 1885 801 τούτων
1934 767 1958 801 5

354 847 396 881 11
422 837 545 877 τόπον
586 835 757 877 δύναται
798 834 1095 890 ἀναπληρῶσαι.
1158 834 1227 874 καὶ
1266 833 1316 873 τὸ
1348 829 1378 870 h
1408 837 1482 884 τῆς
1511 832 1678 880 δασείας
1708 835 1883 888 σημεῖον,

425 907 513 964 οὐχὶ
542 907 711 963 γράμμα
745 904 1084 962 ὑπολαμβάνεται.
1146 904 1195 944 τὸ
1229 919 1248 944 υ
1281 903 1329 944 δὲ
1359 904 1429 944 καὶ
1457 904 1507 943 τὸ
1539 904 1563 954 ζ
1592 903 1661 943 διὰ
1687 903 1742 942 τὰ
1764 901 1883 953 ἑλλη-

423 979 512 1019 νικὰ
545 977 728 1034 ὀνόματα
758 975 1078 1033 προσβάλλομεν.

542 1080 667 1125 VIII.
730 1081 770 1121 A
801 1083 971 1139 γράμμα
1003 1086 1165 1139 φωνῆεν,
1200 1081 1292 1137 ὅπερ
1326 1081 1395 1137 μὲν
1427 1079 1494 1122 οῧν
1524 1079 1620 1121 καθ’
1642 1079 1763 1120 ἑαυτὸ
1786 1083 1889 1120 ποιεῖ

426 1154 634 1212 συλλαβὴν
673 1154 861 1211 βραχεῖαν
902 1154 972 1194 καὶ
1003 1154 1159 1209 μακράν
1192 1153 1336 1209 ὁμοίως
1365 1152 1414 1193 δὲ
1444 1152 1748 1208 συνεζευγμένον
1779 1151 1884 1207 μετὰ
1912 1158 1957 1192 10

425 1225 562 1267 ἄλλων
605 1226 675 1267 καὶ
714 1225 1037 1281 προτασσόμενον
1078 1224 1148 1264 καὶ
1191 1225 1310 1280 μέσον
1350 1223 1421 1264 καὶ
1451 1223 1513 1264 ἐπὶ
1541 1223 1708 1274 τέλους,
1752 1224 1805 1271 ὡς
1834 1222 1884 1262 τὸ

425 1293 590 1336 Ahala·
636 1297 707 1338 καὶ
752 1300 913 1353 σημεῖον
959 1299 1261 1353 χρηματισμοῦ,
1312 1295 1432 1336 ὁπότε
1472 1292 1608 1335 Αὖλον
1655 1294 1773 1350 μόνον
1815 1308 1884 1346 ση-

375 1379 396 1412 2
424 1369 562 1426 μαίνει.
626 1377 649 1407 e
681 1369 851 1424 γράμμα
893 1371 1043 1425 φωνῆεν
1085 1366 1181 1407 καθ’
1221 1365 1343 1407 ἑαυτὸ
1388 1365 1612 1423 ὀνομασθὲν
1654 1365 1799 1422 ὁμοίως
1839 1379 1886 1405 τε

423 1441 529 1496 μετὰ
561 1438 698 1481 ἄλλων
729 1438 896 1496 ζευχθὲν
926 1438 996 1479 καὶ
1027 1437 1216 1495 βραχείας
1246 1441 1348 1479 ποιεῖ
1375 1436 1586 1494 συλλαβὰς
1616 1437 1687 1478 καὶ
1713 1437 1884 1493 μακράς.

378 1521 399 1555 3
425 1507 441 1548 i
473 1511 643 1568 γράμμα
675 1515 824 1568 φωνῆεν
856 1507 943 1551 ἔσθ’
974 1508 1043 1550 ὅτε
1075 1509 1363 1565 μετερχόμενον
1395 1508 1448 1558 εἰς
1468 1509 1541 1560 τὴν
1562 1513 1643 1549 τῶν
1665 1509 1884 1565 συμφώνων
1912 1513 1957 1548 15

423 1582 587 1638 δύναμιν
618 1579 712 1622 καθ’
745 1580 866 1622 ἑαυτὸ
901 1581 1014 1622 οὐδὲν
1045 1578 1220 1621 ἔλαττον
1251 1580 1321 1621 καὶ
1352 1581 1458 1637 μετὰ
1488 1578 1627 1621 ἄλλων
1649 1579 1884 1636 ἐζευγμένον

421 1654 492 1694 καὶ
533 1653 722 1710 βραχείας
763 1656 865 1693 ποιεῖ
903 1650 1112 1707 συλλαβὰς
1152 1651 1222 1692 καὶ
1263 1651 1433 1707 μακράς.
1496 1654 1658 1707 σημεῖον
1696 1649 1882 1706 ἀριθμοῦ,

374 1734 397 1767 4
424 1725 544 1766 ὁπότε
585 1723 654 1766 ἕνα
696 1724 888 1781 σημαίνει.
952 1732 976 1762 0
1008 1723 1179 1779 γράμμα
1220 1726 1371 1780 φωνῆεν
1410 1722 1480 1763 καὶ
1516 1722 1785 1763 συστέλλεται
1814 1721 1885 1762 καὶ

374 1805 395 1840 5
422 1796 641 1837 ἐκτείνεται
671 1795 741 1837 καὶ
772 1795 890 1851 μόνον
921 1794 990 1834 καὶ
1021 1795 1125 1850 μετὰ
1157 1791 1294 1834 ἄλλων
1324 1792 1595 1850 ζευγνύμενον.
1657 1801 1687 1832 11
1713 1793 1883 1849 γράμμα

422 1872 572 1925 φωνῆεν
595 1863 609 1917 ΙΙ
633 1865 720 1908 ἔσθ’
750 1866 820 1907 ὅτε
852 1865 1139 1923 μετερχόμενον
1171 1864 1225 1914 εἰς
1254 1866 1328 1917 τὴν
1358 1870 1440 1906 τῶν
1472 1866 1689 1922 συμφώνων
1719 1863 1884 1921 δύναμιν
1909 1869 1958 1905 20

421 1939 691 1980 συστέλλεται
730 1938 800 1979 καὶ
840 1937 1058 1978 ἐκτείνεται
1099 1936 1169 1977 καὶ
1210 1936 1328 1993 μόνον
1368 1937 1438 1977 καὶ
1469 1937 1574 1993 μετὰ
1605 1934 1743 1977 ἄλλων
1775 1949 1883 1976 συνε-

418 2010 653 2066 ζευγμένον·
687 2012 849 2065 σημεῖον
881 2007 1066 2064 ἀριθμοῦ,
1100 2007 1221 2048 ὁπότε
1252 2009 1366 2049 πέντε
1397 2008 1590 2064 σημαίνει.

539 2112 687 2155 VIIII.
740 2111 777 2154 F
809 2115 979 2171 γράμμα
1010 2114 1218 2171 σύμφωνον
1248 2115 1447 2172 ἡμίφωνον
1479 2112 1648 2171 ἄρχεται
1675 2111 1884 2170 συλλαβὴν

371 2196 393 2229 2
421 2187 747 2244 προτασσόμενον
768 2187 838 2228 καὶ
859 2187 1080 2244 φωνήεντος
1101 2186 1171 2227 καὶ
1190 2186 1405 2243 ἡμιφώνου,
1429 2186 1482 2234 ὡς
1498 2185 1546 2226 τό
1670 2180 1697 2226 .l
1714 2185 1886 2242 γράμμα

539 2527 558 2560 1
599 2539 637 2561 εκ
661 2539 718 2561 του
744 2509 764 2570 1}
788 2526 846 2561 καὶ
871 2509 891 2561 g·
916 2528 960 2559 H
976 2525 981 2569 Ι
1004 2527 1091 2567 regis
1116 2538 1179 2558 om.
1206 2527 1232 2557 S
1365 2525 1387 2559 6
1429 2537 1486 2559 και
1510 2537 1602 2559 τεοτο
1627 2500 1662 2559 ᾗ
1687 2512 1821 2559 λασειαις
1844 2525 1889 2556 Η

419 2599 475 2620 και
512 2598 605 2621 τοντε
642 2588 778 2626 δασειας
816 2588 842 2619 S
875 2599 962 2619 corr.
1001 2587 1083 2618 Keil
1225 2584 1243 2618 7
1284 2584 1322 2620 δὲ
1360 2597 1422 2618 om.
1456 2587 1501 2617 H
1528 2583 1564 2619 τὸ
1599 2591 1673 2617 ante
1705 2586 1724 2624 ζ
1755 2595 1817 2616 om.
1843 2584 1888 2615 H

420 2645 441 2678 9
479 2657 643 2680 κατεαυτο
682 2647 801 2678 lineola
822 2659 842 2691 )
861 2652 926 2688 per
962 2658 982 2679 τ
1017 2647 1116 2678 ducta
1261 2644 1305 2678 11
1347 2657 1393 2684 ως
1426 2657 1462 2679 το
1497 2648 1562 2678 αλα
1587 2645 1662 2676 HS
1689 2655 1776 2676 corr.
1803 2643 1886 2675 Keil

419 2703 465 2738 14
491 2705 625 2747 ζευγθεν
650 2706 695 2737 H
786 2705 832 2739 16
858 2708 948 2739 αλιι-δ
974 2707 1018 2737 H
1109 2703 1152 2738 21
1181 2707 1353 2748 μετ-αλλων
1371 2706 1398 2737 S
1491 2703 1537 2737 23
1565 2703 1594 2737 Φ
1622 2706 1666 2736 H
1686 2703 1832 2745 συλλαβη
1859 2703 1886 2734 S

419 2760 452 2798 ἓν
481 2765 629 2811 συλλαβῇ
655 2766 738 2797 Ᾰέίί
831 2763 876 2797 24
901 2765 912 2795 l
939 2766 1021 2797 Keil
1042 2766 1071 2798 A
1098 2766 1131 2796 H
1157 2776 1218 2797 om.
1246 2766 1273 2796 S
