2148 3407
440 280 464 321 8

436 409 469 440 p.
498 405 576 438 379.
605 397 673 437 380
698 396 740 429 K.

443 472 557 528 μένον
589 471 770 527 παρέχει·
834 469 903 510 ἐὰν
932 469 981 510 δὲ
1013 470 1065 526 μὴ
1098 466 1156 520 εἴη
1188 470 1576 525 προσγεγραμμένον,
1611 468 1729 524 ψιλὴν
1759 467 1895 523 ξηράν.

360 552 381 586 5
436 542 605 590 ταύταις
647 540 968 598 προσβάλλουσιν
1008 541 1080 592 τὴν
1123 541 1234 597 ὑφέν,
1279 539 1399 580 ὁπότε
1440 539 1513 580 δύο
1557 538 1719 596 ῥήματα
1761 541 1813 587 ὡς
1843 537 1897 587 εἰς

434 612 473 654 ἓν
514 616 567 670 τῇ
599 610 613 663 ΙΙ
646 611 864 669 ἐκφωνήσει
909 612 1149 668 συνάγομεν,
1198 611 1268 652 καὶ
1312 611 1361 651 τὸ
1404 615 1565 667 σημεῖον
1608 610 1732 661 αὐτῆς
1771 614 1896 650 τοῦτο

434 689 629 725 ποιοῦσιν·
693 681 886 739 ἑκατέρου
927 682 1105 739 ῥήματος
1135 683 1211 731 τὰς
1242 680 1415 738 ἔγγιστα
1445 680 1655 738 συλλαβὰς
1685 681 1895 737 ἐπικεκαμ-

360 768 381 802 6
436 756 532 812 μένῃ
572 753 832 796 ὑποκάτωθεν
866 753 1001 811 ῥάβδῳ
1033 753 1294 809 ζευγνύουσιν,
1329 755 1381 801 ὡς
1412 750 1518 794 ἔστιν
1640 752 1801 809 .ὁμοίως
1828 751 1898 792 καὶ
1945 755 1967 791 5

434 826 691 883 ἀπόστροφον
724 826 874 867 ὁπόταν
906 829 1056 882 φωνῆεν
1087 825 1246 865 τελικὸν
1278 825 1527 881 ὑφαιροῦμεν.
1588 822 1742 875 ταύτην
1769 823 1897 871 οὕτως

433 903 712 954 σημειοῦνται·
756 898 851 953 πρὸς
881 897 930 937 τὸ
963 895 1044 937 ἄνω
1078 897 1194 952 μέρος
1226 900 1298 936 τοῦ
1331 897 1554 952 συμφώνου,
1588 892 1632 935 οὔ
1664 894 1712 934 τὸ
1745 898 1896 951 φωνῆεν

433 969 643 1026 ὑφῄρηται,
678 968 986 1025 ἐπικεκαμμένον
1020 966 1181 1024 ῥαβδίον
1203 965 1257 1015 εἷς
1279 966 1378 1007 αὐτὸ
1402 965 1546 1023 βλέπον
1567 965 1748 1007 τιθέασιν
1770 967 1822 1014 ὡς
1884 997 1894 1006 .

932 1189 1081 1237 ΠΕΡΙ
1119 1189 1394 1237 ΣΤΙΤΜΗΣ

551 1321 603 1363 V.
664 1323 820 1381 Στιγμή
853 1323 960 1365 ἐστιν
987 1328 1134 1375 σιωπῆς
1155 1327 1329 1380 σημεῖον,
1361 1322 1450 1375 ἥτις
1471 1321 1511 1362 ἐν
1531 1327 1590 1376 τῷ
1613 1321 1894 1378 ἀναγινώσκειν
1922 1325 1966 1360 10

432 1397 594 1437 δίδωσιν
636 1393 773 1437 ἄδειαν
810 1400 882 1436 τοῦ
914 1395 963 1435 τὸ
995 1399 1148 1451 πνεῦμα
1179 1393 1513 1446 ἀνακτήσασθαι,
1559 1393 1612 1449 μὴ
1645 1392 1684 1434 ἐν
1714 1397 1773 1448 τῷ
1805 1407 1893 1433 συν-

362 1478 384 1511 2
435 1468 571 1508 άπτειν
603 1466 795 1524 ἐπιλείψῃ.
859 1463 981 1507 αὗται
1001 1470 1106 1522 τρεῖς
1127 1465 1233 1517 εἰσιν,
1267 1464 1319 1506 ὧν
1340 1466 1365 1517 ἧ
1386 1465 1563 1522 διαφορὰ
1582 1464 1707 1520 τρισὶν
1727 1467 1895 1520 νυγμαῒς

363 1549 384 1583 3
435 1538 475 1579 ἐν
505 1538 684 1596 διαφόρῳ
716 1538 825 1593 τόπῳ
857 1536 1105 1594 τεθειμέναις
1131 1536 1433 1589 δηλωθήσεται.
1497 1534 1592 1576 ὅπου
1614 1535 1766 1591 πλήρης
1786 1534 1894 1576 ἐστὶν

434 1610 459 1662 ἢ
490 1610 659 1661 δίανοια,
692 1609 843 1665 νυγμὴν
873 1610 983 1665 παρὰ
1011 1609 1061 1649 τὸ
1094 1607 1174 1649 ἄνω
1208 1610 1325 1665 μέρος
1354 1611 1427 1648 τοῦ
1455 1607 1697 1663 γράμματος
1716 1605 1892 1662 τίθεμεν,

362 1693 385 1726 4
434 1681 504 1722 καὶ
544 1678 650 1722 ἔστιν
692 1678 822 1729 ἄνεσις
859 1685 932 1721 τοῦ
965 1680 1167 1737 σχολάσαι
1197 1679 1259 1720 ἐπὶ
1289 1679 1435 1720 πλεῖον.
1499 1677 1595 1719 ὅπου
1625 1677 1674 1718 δὲ
1702 1681 1777 1730 τῆς
1806 1677 1892 1718 δια·
1921 1682 1965 1716 15

433 1753 542 1801 νοίας
585 1753 747 1809 μηδέπω
795 1751 994 1808 πλήρ<ους
1041 1749 1187 1802 οὔσ>ης
1228 1750 1468 1791 ἀναπνεῦσαι
1507 1749 1734 1806 χρῄζουσιν,
1785 1749 1895 1804 παρὰ

362 1835 383 1869 5
437 1824 556 1880 μέσον
596 1823 645 1863 τὸ
688 1823 858 1880 γράμμα
898 1823 1080 1880 δώσομεν
1120 1822 1283 1879 νυγμήν.
1353 1820 1448 1862 ὅπου
1490 1821 1538 1862 δὲ
1567 1821 1664 1877 πρὸς
1695 1819 1804 1876 αὐτῷ
1835 1825 1894 1874 τῷ

433 1895 544 1935 τέλει
585 1898 658 1935 τοῦ
701 1893 920 1950 ἀπαρτίσαι
963 1894 1036 1945 τὴν
1081 1894 1259 1935 διάνοιαν
1307 1893 1434 1942 οὕτως
1481 1891 1739 1949 ἀπαρτῶμεν,
1788 1891 1895 1932 ὥστε

434 1964 584 2014 εὐθέως
613 1964 729 2006 τοῦθ’
760 1964 852 2021 ὅπερ
884 1963 1022 2006 ἕπεται
1053 1963 1265 2021 ὑποβαλεῖν
1297 1963 1528 2022 ὀφείλομεν,
1561 1964 1670 2020 παρὰ
1699 1963 1748 2003 τὸ
1779 1963 1893 2003 κάτω

433 2038 552 2093 μέρος
581 2041 654 2077 τοῦ
687 2037 930 2094 γράμματος
959 2040 1012 2094 τῇ
1043 2039 1173 2093 νυγμῇ
1205 2034 1491 2092 σημειούμεῦα.
1524 2029 1536 2087 ss
1919 2037 1966 2072 20

552 2328 573 2362 1
602 2323 664 2372 εἴη]
692 2341 719 2363 ει
743 2330 788 2362 Η
793 2330 819 2361 S
840 2341 926 2361 corr.
945 2330 1028 2361 Keil
1120 2328 1142 2361 3
1169 2340 1250 2370 αυτη
1275 2329 1349 2360 HS
1363 2340 1450 2360 corr.
1469 2329 1549 2360 Keil
1643 2325 1666 2360 4
1691 2338 1840 2370 ενγιστας
1855 2328 1899 2358 Η

434 2388 455 2422 5
494 2389 682 2423 υποκατῦεν
715 2390 835 2431 παρδω
867 2390 1085 2430 superscripto
1120 2390 1234 2431 ραβδω
1262 2389 1287 2420 S
1308 2400 1396 2420 corr.
1422 2388 1505 2420 Keil
1533 2385 1894 2429 ὑποκάτωθεν-ὑφαι-

436 2451 555 2491 ροῦμεν
580 2459 642 2480 om.
667 2449 712 2480 H
725 2454 803 2490 post
826 2441 913 2481 ἔστιν
939 2449 1022 2480 Keil
1042 2449 1197 2480 lacunam
1223 2449 1387 2480 indicavit
1505 2445 1527 2480 6
1565 2457 1772 2489 αναστροφον
1804 2456 1892 2478 corr.

435 2519 638 2550 ανοστροφον
665 2508 690 2539 S
713 2509 832 2540 emend.
859 2508 942 2540 Keil
960 2505 965 2551 Ι
988 2519 1102 2550 φωννη
1128 2510 1234 2541 τελικο
1261 2507 1286 2538 S
1308 2516 1395 2539 corr.
1422 2507 1504 2538 Keil
1630 2505 1648 2538 7
1689 2515 1894 2548 σηνιτουνται

433 2568 477 2599 H
505 2565 510 2610 Ι
546 2578 655 2609 φωνεν
688 2568 763 2600 HS
789 2579 876 2599 corr.
903 2568 986 2599 Keil
1078 2565 1100 2600 8
1142 2568 1226 2609 ραβδ
1252 2578 1307 2600 τον
1332 2567 1376 2598 Η
1405 2565 1409 2609 Ι
1445 2577 1543 2600 αυτον
1568 2567 1612 2597 H
1638 2564 1642 2608 Ι
1673 2565 1719 2604 ὡς
1743 2575 1829 2598 εστιν
1853 2564 1897 2595 H

434 2637 480 2671 10
506 2627 721 2681 avayv‘b'czew
739 2639 782 2670 H
874 2637 918 2671 11
944 2649 980 2672 το
998 2650 1055 2672 του
1072 2649 1257 2681 πνευματος
1274 2639 1317 2670 H
1408 2636 1453 2670 12
1472 2638 1599 2677 επιλψει
1614 2637 1659 2668 Η
1748 2633 1795 2668 16
1811 2637 1892 2677 πλη-

435 2709 492 2740 ρης
515 2699 590 2730 HS
612 2711 699 2731 corr.
727 2699 810 2730 Keil
835 2697 839 2741 Ι
868 2699 1057 2742 χρηζουσεις
1081 2698 1125 2729 Η
1144 2699 1323 2742 χρηζουσες
1356 2698 1382 2729 S
1405 2708 1492 2728 corr.
1519 2697 1600 2728 Keil
1715 2693 1761 2729 18
1798 2705 1892 2733 ουτος

434 2759 477 2789 H
498 2768 583 2790 ουτω
611 2759 636 2789 S
729 2756 774 2791 19
801 2769 879 2791 τουτ
903 2768 981 2799 οπερ
1008 2767 1035 2788 ω
