2164 3471
1659 350 1711 377 XI

238 452 451 504 quoddam
505 454 803 507 componeret,
857 464 939 505 quo
993 452 1154 495 Graeci
1206 453 1262 495 ad
1313 453 1491 508 linguae
1543 454 1711 497 latinae

237 523 427 566 studium
458 521 758 565 incumbentes
791 524 1008 566 commode
1029 527 1272 578 uterentur,
1306 525 1547 568 Cominiani
1569 529 1710 569 artem

236 593 566 648 grammaticam
598 594 643 636 in
665 606 788 637 suam
809 607 900 638 rem
923 595 1201 639 convertisse.
1255 596 1452 639 Indidem
1475 597 1710 651 Charisius,

238 666 312 719 qui
329 665 579 708 Cominiano
602 669 888 719 praeceptore
909 679 1012 709 usus
1035 671 1144 720 erat,
1167 668 1306 710 multa
1328 680 1375 710 se
1391 668 1601 721 petivisse
1616 669 1710 721 ipse

237 740 391 791 aperte
411 736 637 790 indicavit,
661 749 773 789 quae
790 750 920 790 quam
936 737 1029 780 late
1045 742 1242 793 pateant,
1265 751 1344 793 ego
1361 752 1500 792 nuper
1517 752 1594 793 pro
1613 752 1710 782 mea

234 811 365 863 parte
381 811 563 851 conatus
579 821 674 851 sum
692 809 1005 854 demonstrare.
1048 809 1256 852 Eiusdem
1274 811 1500 853 doctrinae
1516 811 1709 865 vestigia

236 879 438 935 persequi
459 879 566 922 mihi
586 880 713 923 licuit
733 880 780 923 in
797 881 1032 934 Excerptis
1055 893 1166 934 quae
1188 885 1404 924 vocantur
1420 882 1710 926 Bobiensibus

237 955 283 995 et
322 953 370 995 in
398 951 702 1006 idiomatibus,
746 964 858 1004 quae
891 956 1069 995 exstant
1101 953 1147 995 in
1179 953 1325 996 codice
1357 953 1558 997 Parisino
1593 955 1708 997 7530

235 1023 442 1078 coUecta,
487 1026 533 1066 et
575 1023 621 1065 in
662 1023 820 1078 glossis
863 1036 975 1077 quae
1016 1023 1127 1067 falso
1161 1024 1315 1078 Cyrilli
1357 1037 1451 1068 esse
1493 1026 1710 1069 dicuntur.

234 1095 358 1138 Haec
389 1095 533 1137 omnia
565 1095 742 1138 uberius
774 1108 801 1138 a
832 1108 900 1138 me
934 1096 1160 1149 disputata
1191 1096 1389 1139 invenies
1410 1098 1456 1140 in
1478 1097 1602 1152 libro,
1636 1098 1710 1150 qui

233 1167 490 1210 inscribitur
533 1166 831 1221 Cominianus‚
877 1167 952 1220 qui
993 1167 1171 1221 Lipsiae
1213 1180 1327 1211 anno
1364 1170 1476 1211 1912
1521 1169 1706 1222 prodiit3

236 1251 348 1291 quae
389 1250 457 1281 me
487 1238 560 1292 118,
605 1238 679 1291 qui
710 1238 757 1281 in
787 1239 856 1282 his
887 1238 1052 1282 litteris
1084 1240 1267 1282 multum
1301 1243 1346 1283 et
1377 1252 1508 1293 saepe
1539 1242 1709 1284 versati

234 1310 336 1365 sint,
368 1309 625 1364 probavisse
656 1311 917 1364 pel'gaudeo.

354 1382 482 1426 Unde
514 1381 720 1437 efficitur,
753 1386 803 1425 ut
834 1382 921 1425 11118
955 1394 1123 1436 quoque
1157 1395 1268 1436 quae
1299 1384 1422 1426 modo
1456 1384 1709 1427 enumeravi

234 1453 486 1497 litterarum
544 1453 832 1496 monumentis
889 1454 1087 1497 nonnihil
1146 1455 1402 1498 adiuvemur
1460 1457 1517 1498 ad
1569 1459 1708 1498 artem

234 1525 436 1568 Dosithei
489 1525 633 1577 quoad
685 1525 777 1567 eius
829 1524 924 1568 fieri
976 1529 1122 1580 potest
1173 1526 1219 1568 in
1267 1527 1495 1580 antiquum
1543 1531 1708 1570 statum

235 1597 566 1640 restituendam.
619 1595 786 1650 Quibus
819 1597 921 1640 addi
952 1601 1098 1651 potest
1120 1597 1352 1641 Diomedes
1384 1599 1707 1653 grammaticus,

236 1669 306 1712 cui
337 1669 562 1722 exemplar
584 1668 772 1711 Charisii
803 1669 945 1712 minus
978 1673 1228 1722 corruptum
1256 1675 1433 1723 praesto
1456 1669 1590 1713 fuisse
1612 1670 1708 1723 plus

234 1752 318 1783 uno
363 1740 457 1783 loco
500 1744 698 1793 apparet.
760 1740 1041 1795 Scrupulum‚
1085 1754 1211 1794 quem
1252 1741 1298 1783 in
1339 1742 1423 1784 hac
1464 1754 1512 1784 re
1544 1742 1708 1785 Paulus

234 1813 444 1855 Wessner
475 1812 560 1854 sibi
590 1811 784 1855 residere
815 1812 928 1855 dixit
944 1812 990 1867 1),
1023 1813 1134 1856 alias
1163 1812 1352 1856 fortasse
1375 1825 1429 1856 ex
1450 1813 1593 1856 animo
1615 1813 1708 1856 eius

234 1883 426 1928 evellere
458 1884 658 1929 conabor.

353 1955 440 1999 Sed
480 1956 611 1999 valde
653 1955 883 1998 dolendum
928 1959 1015 2010 est,
1059 1957 1172 2009 quod
1204 1956 1375 1999 Keilius
1407 1956 1597 1999 editione
1629 1968 1709 1999 sua

234 2039 319 2070 non
341 2027 485 2070 omnia
501 2026 750 2080 complexus
769 2030 847 2082 est,
871 2040 983 2080 quae
999 2028 1045 2070 in
1063 2029 1208 2071 codice
1226 2028 1517 2082 Neapolitano
1540 2028 1707 2081 scripta

234 2111 320 2142 non
373 2098 545 2142 omnino
592 2099 800 2142 videntur
847 2112 874 2142 a
922 2099 1118 2143 Charisio
1167 2099 1312 2142 aliena
1360 2112 1465 2142 esse.
1528 2101 1707 2142 Partem

235 2182 383 2213 eorum
405 2182 517 2223 quae
532 2170 728 2224 pertinet
743 2172 798 2213 ad
815 2175 947 2224 caput
969 2171 1476 2225 duodeseptuagesimum
1493 2171 1708 2224 Georgius

235 2242 374 2285 Goetz
417 2254 471 2284 ex
503 2242 668 2285 Loewii
711 2244 963 2296 apographo
996 2244 1072 2286 sed
1103 2255 1188 2285 non
1220 2243 1420 2285 imitatus
1453 2243 1707 2296 compendia

234 2316 280 2356 et
307 2314 468 2356 additis
489 2314 680 2356 numeris
701 2314 888 2367 primum
910 2327 1022 2356 anno
1047 2315 1161 2356 1888
1185 2315 1510 2367 exprimendam
1533 2315 1709 2357 curavit

233 2385 279 2427 in
310 2385 403 2428 Ind.
435 2384 536 2428 lect.
569 2388 679 2430 aest.
712 2385 834 2440 Jen.‚
873 2386 1028 2428 deinde
1061 2398 1173 2428 anno
1210 2387 1324 2428 1894
1357 2387 1509 2438 quinto
1542 2386 1705 2440 glossa-

234 2456 397 2500 riorum
426 2456 664 2500 latinorum
695 2457 906 2500 volumini
936 2458 1133 2500 inseruit.
1185 2458 1256 2500 Ex
1282 2457 1336 2500 iis
1359 2461 1517 2512 autem,
1551 2457 1707 2510 quibus

232 2530 498 2582 respondent
539 2529 688 2582 capita
723 2529 1178 2584 LXXI—LXXVII,
1220 2529 1391 2572 Keilius
1432 2529 1525 2582 ipse
1568 2541 1707 2582 pauca

234 2612 346 2653 quae
377 2614 404 2643 a
427 2600 615 2654 Georgio
637 2600 821 2643 Thilone
850 2601 1071 2654 descripta
1092 2602 1289 2644 habebat
1309 2601 1353 2644 in
1377 2601 1706 2643 adnotationem

234 2672 411 2726 recepit.

356 2826 390 2872 1)
418 2828 506 2862 Berl.
534 2828 617 2871 phil.
638 2829 760 2863 Woch.
788 2830 919 2861 XXXII
947 2827 1077 2873 (1912),
1105 2840 1137 2871 p.
1171 2830 1270 2869 1679.
