2164 3471
136 1363 255 1398 10⁷

137 1721 180 1755 15

212 436 246 468 p.
275 434 354 467 379.
382 425 451 466 380
474 425 517 458 K.

211 496 281 539 his
312 495 508 539 adiciunt
538 495 736 549 hyphen,
770 508 865 538 cum
899 496 980 538 duo
1014 495 1152 538 verba
1185 496 1309 549 quasi
1339 496 1386 538 in
1417 508 1547 539 unum
1579 509 1677 549 pro·
1732 507 1748 515 ⁸

210 567 488 611 nuntiatione
519 566 774 621 colligimus,
807 570 853 609 et
883 566 1067 610 formam
1100 567 1191 609 eius
1212 567 1325 609 hanc
1346 567 1536 610 faciunt:
1569 568 1677 610 utri-

209 651 346 692 usque
377 639 391 693 ΙΙ
424 638 551 682 verbi
596 638 815 691 proximas
862 638 1057 692 syllabas
1102 638 1264 681 inflexa
1311 639 1462 681 subter
1503 639 1680 693 virgula

208 710 408 765 iungunt,
430 713 482 752 ut
503 714 571 752 est
586 709 789 752 ‘Turnus
811 712 863 751 ut
884 709 1193 752 antevvolans’.
1245 710 1351 752 item
1373 711 1677 765 apostrophon,

210 795 307 825 cum
337 782 533 826 vocalem
564 782 763 825 ultimam
795 781 1103 825 subtrahimus.
1166 781 1280 824 hanc
1311 781 1373 823 sic
1404 785 1582 824 notant:
1622 782 1679 824 ad

209 856 343 907 caput
375 852 467 896 eius
500 853 789 907 consonantis,
822 853 892 896 cui
923 852 1088 896 vocalis
1111 853 1342 895 subtract-a
1365 856 1442 907 est,
1473 853 1678 896 inflexam

208 925 446 980 virgulam,
479 937 592 978 quae
624 926 681 968 ad
713 937 808 968 eam
840 928 1024 979 spectat,
1057 928 1292 978 apponunt,
1324 928 1374 967 ut
1404 927 1581 967 ‘tanton'
1611 939 1677 966 me

210 996 396 1039 crimine
428 996 626 1052 dignum.

637 1224 730 1272 DE
767 1224 988 1272 DISTIN
992 1223 1198 1272 CTION
1201 1225 1242 1271 E

326 1355 379 1399 V.
439 1355 678 1398 Distinctio
711 1356 776 1397 est
809 1353 975 1397 silentii
1005 1358 1130 1409 nota,
1163 1366 1275 1407 quae
1306 1354 1352 1396 in
1383 1353 1566 1408 legendo
1599 1356 1676 1397 dat

206 1426 375 1480 copiam
407 1426 587 1480 spiritus
618 1425 868 1481 recipiendi,
899 1438 955 1468 ne
987 1425 1314 1468 continuatione
1347 1425 1530 1469 deficiat.
1592 1426 1676 1468 hae

206 1501 299 1542 tres
340 1501 464 1553 sunt,
506 1511 689 1552 quarum
731 1498 967 1542 diversitas
997 1497 1140 1540 tribus
1172 1497 1346 1551 punctis
1378 1496 1549 1541 diverso
1581 1497 1674 1540 loco

204 1569 360 1623 positis
389 1569 623 1613 indicatur.
674 1571 750 1613 ubi
776 1570 930 1624 plenus
953 1573 1021 1612 est
1041 1581 1204 1622 sensus,
1236 1572 1444 1621 punctum
1465 1570 1522 1612 ad
1544 1572 1676 1622 caput

204 1641 385 1684 litterae
425 1641 623 1695 ponimus
666 1646 711 1685 et
753 1645 820 1685 est
861 1642 1046 1684 liberum
1089 1653 1260 1684 cessare
1301 1640 1524 1693 prolixius
1599 1641 1675 1683 ubi

206 1725 336 1756 sensu
366 1715 554 1756 nondum
585 1714 712 1767 pleno
743 1713 954 1767 respirari
976 1716 1160 1768 oportet,
1193 1714 1250 1755 ad
1271 1713 1455 1755 mediam
1476 1712 1674 1755 litteram

207 1785 406 1828 dabimus
445 1788 664 1839 punctum.
726 1785 800 1828 ubi
842 1786 920 1827 sub
953 1785 1094 1838 ipsum
1125 1785 1253 1828 finem
1284 1784 1493 1838 implendi
1523 1796 1674 1827 sensus

206 1857 274 1900 ita
304 1857 622 1911 suspendimus,
654 1859 705 1899 ut
735 1856 888 1899 statim
919 1856 965 1899 id
996 1858 1110 1909 quod
1141 1857 1340 1910 sequitur
1371 1856 1570 1899 subicere
1602 1856 1674 1899 de-

207 1929 398 1984 beamus,
429 1929 561 1971 imam
591 1928 790 1971 litteram
822 1931 982 1982 puncto
1014 1932 1226 1972 notamus.
1258 1927 1270 1985 Η

324 2110 366 2142 V.
416 2110 531 2141 Diem.
565 2119 589 2149 4
590 2117 651 2149 37,
680 2110 837 2151 9—438,
866 2119 912 2139 12
952 2109 1102 2150 Explan.
1137 2111 1173 2141 in
1204 2111 1293 2143 Dan.
1321 2119 1406 2149 533,
1435 2109 1624 2149 28—554,
1651 2118 1675 2148 4

206 2170 255 2211 cs.
286 2169 410 2201 camin.
438 2179 508 2200 110
531 2180 565 2200 n.
594 2179 614 2200 J

323 2333 346 2369 4
379 2334 527 2379 Turnus]
569 2336 658 2379 Verg.
692 2338 772 2368 Aen.
800 2337 859 2368 IX
878 2344 925 2377 47
1072 2335 1089 2368 7
1130 2334 1271 2379 tanton]
1315 2337 1404 2379 Verg.
1431 2338 1511 2369 Am.
1545 2337 1584 2367 X
1604 2335 1677 2368 668

323 2502 345 2536 1
379 2504 459 2546 yfen
484 2504 559 2535 HS
700 2502 722 2536 3
764 2503 915 2546 syllabas
941 2515 1002 2535 om.
1031 2504 1057 2535 S
1087 2501 1092 2546 Ι
1127 2503 1517 2534 subter—subtrahimus
1544 2514 1606 2534 om.
1633 2504 1678 2534 H

203 2563 226 2598 4
256 2569 336 2607 post
366 2563 488 2595 volans
522 2564 607 2595 Keil
629 2564 785 2595 lacunam
811 2564 990 2601 indicavit,
1026 2574 1093 2606 qua
1120 2564 1271 2594 diastoles
1296 2563 1442 2604 definitio
1468 2563 1638 2594 excidisset
1666 2561 1667 2578 ³

205 2624 404 2667 apostroson
429 2623 457 2654 S
585 2622 602 2655 ‘7
646 2628 683 2654 ut
709 2628 759 2654 est
785 2629 962 2655 tantonme
987 2624 1031 2655 H
1052 2628 1213 2654 tantonus
1239 2633 1293 2653 me
1319 2623 1346 2654 S
1472 2620 1494 2655 8
1533 2622 1672 2653 crimine

204 2684 345 2726 dignum
378 2695 440 2715 om.
475 2684 520 2715 Η
659 2681 704 2715 12
747 2683 782 2714 in
817 2683 951 2714 diverso
983 2684 1061 2714 loco
1095 2683 1140 2714 H
1167 2683 1202 2714 in
1236 2694 1297 2714 om.
1333 2683 1359 2713 S
1380 2683 1495 2714 Diem.
1521 2682 1670 2723 Explan.

202 2742 249 2777 13
285 2744 341 2785 qui
366 2743 442 2774 HS
464 2743 524 2774 ubi
549 2743 698 2785 Explan.
820 2741 866 2776 15
901 2753 1034 2774 sensum
1061 2743 1087 2774 S
1205 2741 1251 2775 16
1285 2742 1343 2773 ubi
1371 2747 1480 2773 autem
1507 2741 1568 2773 sub
1595 2741 1671 2783 ipso

203 2804 272 2836 fine
296 2804 341 2835 H
357 2802 362 2846 Ι
384 2813 520 2834 sensum
546 2803 574 2834 S
679 2800 725 2836 18
751 2803 794 2834 ad
820 2803 924 2833 imum
950 2803 1081 2834 litterae
1108 2803 1152 2834 H
1170 2803 1273 2833 imam
1299 2802 1445 2834 litteram
1472 2802 1498 2833 S
1519 2802 1670 2843 Explan.
