2148 3407
444 296 497 337 10

441 425 473 456 p.
503 414 579 454 381.
609 413 674 453 382
703 414 747 445 K.

965 504 1111 552 ΠΕΡΙ
1152 501 1366 550 ΦΩΝΗΣ

559 624 634 667 VI.
697 627 814 678 Φωνή
858 626 964 667 ἐστιν
1005 625 1082 681 ἀὴρ
1114 625 1326 680 πεπληγὼς
1357 623 1554 676 αἰσθητὸς
1585 623 1689 682 ἀκοῇ
1720 625 1769 664 τὸ
1803 623 1897 665 ὅσον

440 699 499 757 ἐφ’
540 698 670 754 ἑαυτῷ
715 698 833 738 ἐστιν.
896 701 1007 738 πᾶσα
1048 696 1155 754 φωνὴ
1199 696 1223 748 ἢ
1256 693 1448 751 ἔναρθρός
1488 695 1594 736 ἐστιν
1624 695 1648 747 ἢ
1683 693 1895 751 ἄναρθρος.

440 769 631 827 ἔναρθρός
663 769 768 810 ἐστιν
799 769 823 820 ἢ
855 769 1085 825 γράμμασιν
1115 766 1432 824 καταληφθῆναι
1451 765 1632 807 δύναται.
1696 764 1898 822 ἄναρθρος

440 842 546 883 ἐστιν
575 841 663 894 ἥτις
693 836 924 897 γράφεσθαι
954 839 999 880 οὐ
1030 837 1212 879 δύναται.
1947 844 1968 877 5

881 1001 1028 1049 HEPI
1068 999 1459 1048 ΓΡΑΜΜΑΤΩΝ

562 1121 659 1163 VII.
722 1124 898 1180 Γράμμα
944 1122 1051 1163 ἐστὶν
1098 1125 1292 1179 στοιχεῖον
1337 1125 1467 1178 φωνῆς
1510 1121 1717 1177 ἐνάρθρου.
1791 1135 1897 1162 στοι-

442 1196 547 1254 χεῖόν
579 1195 685 1236 ἐστιν
717 1194 803 1243 ἑνὸς
834 1193 1007 1235 ἑκάστου
1040 1194 1279 1249 πράγματος
1310 1191 1427 1249 ἀρχή,
1459 1192 1549 1248 παρ’
1580 1190 1624 1234 οῧ
1645 1191 1900 1248 λαμβάνεται

441 1268 489 1308 τὸ
522 1266 730 1323 ἐπαύξημα
761 1266 829 1306 καὶ
860 1265 913 1314 εἰς
935 1264 954 1305 ὃ
978 1263 1208 1305 ἀναλύεται.
1272 1263 1476 1320 συμβαίνει
1497 1258 1605 1317 [ἀντὶ
1624 1257 1715 1316 τοῦ]
1738 1262 1898 1319 ἑκάστῳ

440 1339 651 1395 γράμματι
681 1335 808 1393 ὄνομα
829 1341 967 1394 σχῆμα
986 1335 1163 1391 δύναμις.
1217 1332 1344 1391 ὄνομά
1365 1334 1470 1376 ἐστιν
1492 1334 1522 1390 ᾧ
1545 1333 1897 1391 προσαγορεύεται,
1927 1339 1970 1374 10

441 1414 579 1466 σχῆμα
611 1408 640 1464 ᾧ
674 1413 930 1465 σημειοῦται,
961 1406 1127 1462 δύναμις
1156 1402 1183 1464 ᾖ
1214 1406 1348 1463 ἰσχύει.
1410 1411 1491 1447 τῶν
1522 1406 1773 1463 γραμμάτων
1805 1405 1898 1446 εἰσὶν

441 1483 496 1521 τὰ
538 1481 607 1537 μὲν
651 1481 876 1537 φωνήεντα,
918 1480 973 1518 τὰ
1013 1478 1061 1518 δὲ
1101 1477 1306 1534 σύμφωνα.
1370 1478 1578 1534 φωνήεντά
1607 1477 1715 1518 ἐστιν
1747 1476 1774 1517 ἃ
1803 1475 1900 1517 καθ’

443 1551 572 1592 ἑαυτὰ
611 1551 845 1608 ἐκφωνεῖται
883 1550 953 1590 καὶ
992 1548 1088 1589 καθ’
1127 1547 1255 1589 ἑαυτὰ
1286 1548 1493 1606 συλλαβὴν
1523 1553 1685 1601 ποιῆσαι
1713 1547 1896 1589 δύναται.

441 1621 547 1664 ἔστιν
568 1623 615 1664 δὲ
635 1623 706 1663 τὸν
729 1621 898 1679 ἀρῦιμὸν
919 1622 1047 1671 πέντε,
1081 1635 1107 1660 α
1129 1635 1147 1660 ε
1168 1635 1193 1672 η
1217 1634 1229 1660 ι
1251 1634 1271 1660 ο
1294 1635 1324 1660 ω
1348 1634 1406 1661 ου.
1459 1619 1506 1660 ἐκ
1525 1619 1680 1661 τούτων
1700 1618 1774 1660 δύο
1797 1633 1809 1660 ι
1828 1619 1898 1660 καὶ

443 1709 486 1736 ου
521 1695 781 1751 μετέρχονται
813 1692 866 1741 εἰς
897 1693 969 1744 τὴν
1001 1697 1080 1732 τῶν
1112 1693 1329 1749 συμφώνων
1359 1690 1542 1747 δύναμιν,
1583 1691 1703 1732 ὁπότε
1734 1690 1758 1742 ἢ
1792 1690 1899 1731 αὐτὰ
1925 1697 1968 1731 15

443 1766 497 1814 εἷς
518 1764 685 1817 ἄλληλα
705 1764 917 1820 ζεύγνυται
936 1763 960 1815 ἢ
985 1764 1088 1820 μετὰ
1110 1761 1247 1803 ἄλλων
1264 1763 1481 1820 φωνήεσσιν
1497 1761 1720 1818 ζεύγνυται,
1744 1758 1824 1803 οἷον

439 1843 519 1878 τῶν
551 1838 767 1894 συμφώνων
808 1836 856 1876 τὸ
889 1832 995 1884 εἶδός
1027 1834 1133 1875 ἐστιν
1163 1834 1340 1874 διπλοῦν.
1403 1831 1509 1874 ἔστιν
1539 1835 1619 1890 γὰρ
1652 1832 1680 1874 ἃ
1710 1833 1780 1890 μὲν
1810 1833 1898 1890 ἡμί-

442 1923 565 1966 φωνα,
610 1907 636 1948 ἃ
666 1908 713 1948 ’δὲ
745 1905 897 1964 ἄφωνα.
961 1907 1144 1964 ἧμίφωνά
1175 1906 1293 1958 ἐστιν,
1328 1904 1354 1945 ἃ
1385 1904 1480 1945 καθ’
1511 1903 1639 1946 ἑαυτὰ
1670 1905 1739 1961 μὲν
1770 1904 1898 1962 ἐκφω-

439 1984 576 2030 νεῖται,
601 1974 614 2028 ΙΙ
638 1978 749 2019 ἀλλὰ
779 1977 875 2018 καθ’
905 1976 1033 2018 ἑαυτὰ
1064 1977 1272 2034 συλλαβὴν
1303 1981 1464 2028 ποιῆσαι
1490 1976 1534 2017 οὐ
1556 1976 1739 2017 δύναται.
1792 1974 1899 2017 ἔστιν

442 2051 492 2091 δὲ
522 2052 592 2091 τὸν
625 2049 793 2106 ἀριθμὸν
826 2048 927 2090 ἑπτά
1049 2049 1108 2090 ,ἐκ
1137 2048 1292 2090 τούτων
1322 2049 1485 2089 διπλοῦν
1516 2047 1622 2089 ἐστιν
1643 2048 1692 2088 τὸ
1713 2057 1756 2088 X.
1789 2048 1896 2088 συνέ-
1923 2051 1969 2087 20

560 2390 581 2423 5
608 2385 693 2424 ἔστιν
719 2402 779 2422 om.
807 2391 850 2421 H
941 2388 962 2422 9
989 2387 1061 2422 ἀντὶ
1077 2391 1135 2422 τοῦ
1151 2390 1222 2421 secl.
1242 2389 1324 2420 Keil
1416 2387 1462 2421 10
1480 2399 1577 2422 ονονα
1594 2389 1637 2420 H
1729 2386 1774 2420 11
1793 2393 1847 2421 εσῐ
1860 2388 1904 2419 Η

1078 2446 1204 2472 insonae
1269 2448 1288 2468 τ

440 2473 485 2507 12
504 2479 581 2516 post
604 2473 771 2516 σύμφωνα
795 2474 830 2504 in
856 2474 900 2504 H
921 2460 1020 2514 αλλψ,ν
1047 2483 1125 2515 αφω
1152 2483 1203 2513 να,
1228 2473 1297 2506 καθ·
1322 2472 1366 2503 Η
1485 2470 1530 2504 13
1557 2465 1750 2514 Ξνφωνειται
1773 2471 1818 2502 Η
1837 2482 1896 2504 κα·

440 2556 562 2578 τεαυτα
589 2545 707 2576 lineola
727 2557 749 2587 )
767 2549 832 2586 per
856 2552 875 2574 τ
900 2544 998 2575 ducta
1024 2545 1068 2575 H
1085 2542 1088 2586 Ι
1112 2545 1276 2586 στλλαβην
1294 2544 1338 2575 H
1420 2539 1474 2575 >14
1500 2554 1510 2575 ι
1534 2541 1592 2576 καὶ
1616 2540 1667 2586 ου]
1694 2530 1747 2576 t’f'u
1771 2542 1815 2573 H
1835 2552 1896 2573 om.

441 2617 467 2648 S
489 2616 621 2648 correxi
762 2615 807 2648 15
841 2613 920 2658 τῶν]
949 2620 976 2649 ὢ
1004 2616 1047 2646 Η
1072 2613 1076 2657 Ι
1107 2627 1190 2657 αυτη
1217 2617 1260 2646 Η
1263 2616 1289 2646 S
1310 2626 1397 2647 corr.
1424 2615 1506 2647 Keil
1645 2611 1692 2646 16
1726 2614 1897 2656 μεταλλων

441 2688 483 2720 Η
500 2685 505 2730 l
529 2674 692 2730 φωενζῆἕσιν
717 2688 760 2718 H
777 2685 781 2729 Ι
805 2698 869 2720 οιον
895 2688 987 2721 Ιουνο
1013 2691 1069 2718 vait
1089 2687 1133 2718 H
1231 2684 1277 2720 18
1302 2697 1501 2729 ενφωνηιται
1525 2686 1569 2717 H
1659 2682 1705 2717 19
1729 2694 1898 2717 κατεαυτα

1110 2731 1141 2759 xi

441 2771 559 2802 lineola
578 2782 602 2813 )
621 2775 685 2812 per
710 2779 726 2800 ε
751 2771 849 2801 ducta
876 2771 914 2801 Η
1034 2768 1080 2802 20
1117 2781 1153 2803 το
1178 2767 1194 2809 ξ
1220 2770 1264 2801 Η
