2148 3407
483 283 536 325 76

480 412 512 442 p.
540 400 620 438 418.
647 408 715 439 419
742 400 785 431 K.

410 483 453 516 10
478 474 729 524 postquam,
761 474 874 529 μέχρι
905 470 1027 520 dum3
1061 472 1331 522 ὑποζευκτικοί
1362 467 1688 520 subiunctivae,
1719 466 1780 520 si,
1812 468 1936 508 ante-

479 554 628 594 quam,
661 543 753 601 ἄχρι
784 542 929 593 donec,
962 543 1142 600 μάλιστα
1175 538 1384 592 quamvis,
1416 539 1638 580 dummodo
1670 537 1787 592 licet,
1819 541 1936 593 ἡνίκα

410 625 448 658 11
479 616 599 656 ὁπότε
637 624 752 665 cum,
791 612 909 665 dum,
951 614 1200 664 postquam,
1241 614 1326 669 πρὶν
1359 611 1383 664 ἤ
1415 609 1678 662 priusquam.
1739 612 1859 661 <est>
1890 614 1937 654 et

476 682 873 737 hypodigmaticum
915 683 996 726 οἷον
1037 681 1176 724 veluti
1218 684 1263 723 et
1293 681 1648 723 homoematicum
1681 681 1936 724 adverbium

477 760 530 806 ὡς
560 757 610 796 ut
642 759 769 813 ὥσπερ
802 754 926 795 sicut.
1985 765 2006 800 5

595 896 690 939 LII.
758 896 882 938 Nunc
927 895 1116 937 dicemus
1163 906 1275 947 quae
1321 894 1564 936 coniunctio
1611 894 1681 937 cui
1728 893 1934 946 qualitati

474 968 694 1021 iungatur.
747 979 840 1009 cum
873 966 1071 1020 iungitur
1101 967 1224 1008 modo
1257 965 1449 1019 finitivis,
1481 965 1603 1008 modo
1632 965 1933 1019 subiunctivis,

474 1042 524 1081 ut
556 1051 650 1080 cum
683 1038 789 1092 dico,
821 1050 916 1080 cum
946 1037 1153 1091 dicebam,
1187 1049 1282 1079 cum
1310 1037 1461 1089 dicam,
1493 1048 1588 1078 cum
1609 1036 1807 1079 dicerem.
1859 1037 1934 1079 sed

473 1110 659 1152 interest
698 1114 844 1152 utrum
885 1109 1068 1152 finitivis
1111 1121 1167 1151 an
1208 1108 1496 1151 subiunctivis
1532 1107 1753 1161 iungatur.
1813 1107 1932 1157 <fini-

473 1182 579 1225 tivis
621 1182 732 1225 enim
764 1182 1006 1235 iungitur>,
1039 1181 1237 1233 quotiens
1271 1181 1326 1222 ad
1356 1181 1401 1222 id
1434 1184 1602 1233 tempus
1635 1192 1717 1232 quo
1750 1181 1933 1234 agebam
1963 1192 2005 1226 10

473 1253 674 1307 refertur,
707 1256 756 1295 ut
789 1254 901 1305 apud
933 1252 1176 1306 Vergilium
1198 1252 1212 1306 ΙΙ

593 1338 689 1366 cum
720 1324 849 1375 vemt,
882 1323 1051 1366 aulaeis
1081 1322 1171 1365 iam
1203 1337 1246 1365 se
1278 1322 1432 1377 reyina
1463 1321 1662 1375 superbis

592 1409 731 1437 aurea
763 1394 998 1449 composuit
1028 1394 1206 1449 sponda,

471 1467 516 1508 id
559 1471 627 1510 est
666 1467 769 1520 ‘ipso
810 1470 1004 1519 tempore
1047 1478 1128 1518 quo
1161 1466 1284 1509 venit
1315 1478 1361 1508 se
1392 1466 1546 1519 regina
1578 1465 1841 1518 composuit’3
1888 1468 1934 1508 et

473 1539 588 1590 apud
630 1538 877 1581 Ciceronem
918 1540 1102 1579 ‘tautum
1138 1536 1329 1591 profect,
1372 1550 1468 1578 cum
1510 1539 1548 1578 te
1585 1541 1664 1586 <α>
1703 1535 1932 1578 consulatu
1960 1549 2003 1582 15

472 1609 667 1663 reppuloj’,
709 1610 753 1651 id
796 1613 864 1652 est
903 1609 1006 1662 ‘ipso
1050 1612 1242 1661 tempore
1286 1621 1370 1660 quo
1412 1607 1582 1661 reppuli
1623 1607 1808 1660 profeci’.
1870 1608 1932 1650 sic

472 1693 640 1733 quoque
672 1683 717 1723 et
748 1680 895 1723 futuro
929 1680 1206 1734 coniungitur
1236 1679 1514 1732 finitivorum,
1546 1682 1646 1730 <ut>

592 1766 687 1794 cum
720 1751 842 1794 dabit
873 1751 1099 1804 amplexus
1131 1754 1260 1803 atque
1293 1750 1438 1792 oscula
1470 1749 1619 1792 dulcia
1649 1748 1760 1804 fiyet,

469 1823 513 1864 id
551 1827 618 1866 est
650 1824 756 1876 ‘ipso
798 1827 992 1876 tempore
1024 1835 1106 1875 quo
1139 1822 1261 1865 dabit
1294 1821 1518 1875 amplexus
1550 1825 1595 1864 et
1624 1821 1731 1876 figet
1762 1822 1930 1865 oscula’.

469 1895 530 1937 sic
563 1898 608 1937 et
639 1894 786 1937 Cicero
817 1898 887 1936 ‘cm
923 1908 1017 1936 cum
1051 1893 1154 1935 bello
1188 1892 1432 1935 vastabitur
1461 1892 1618 1943 Italia,
1650 1892 1929 1935 vexabuntur
1955 1903 2001 1939 20

588 2037 633 2070 12
667 2039 756 2080 Verg.
784 2041 863 2069 Aen.
892 2039 916 2069 I
935 2038 1004 2080 697
1102 2036 1147 2070 15
1178 2037 1241 2069 Cic.
1273 2037 1368 2069 Catil.
1396 2037 1422 2068 I
1441 2048 1494 2074 Io,
1515 2045 1561 2077 27
1658 2035 1704 2070 18
1736 2037 1826 2079 Wrg.
1843 2039 1925 2069 Aen.

470 2099 495 2129 I
515 2098 583 2138 687
679 2096 725 2130 20
754 2098 817 2129 Cic.
847 2098 943 2129 Catil.
970 2099 995 2129 I
1016 2108 1068 2133 11,
1098 2107 1143 2139 29

587 2227 607 2260 1
636 2228 869 2259 subiunctivae
896 2229 922 2259 si
950 2234 1131 2269 antequam
1157 2240 1218 2260 om.
1238 2229 1336 2258 HM
1426 2225 1447 2259 2
1472 2238 1570 2268 ηνικα
1596 2227 1698 2258 dumo
1724 2237 1823 2260 οποτε
1847 2227 1926 2258 licet

468 2299 488 2329 η
515 2298 570 2320 και
597 2298 639 2318 an
668 2293 700 2319 et
727 2289 978 2330 υποδιγματικοι
1003 2288 1103 2319 HM
1204 2286 1226 2319 3
1253 2287 1444 2329 priusquam
1473 2298 1511 2319 αν
1536 2298 1556 2328 η
1585 2291 1618 2317 et
1642 2297 1699 2319 και
1724 2286 1926 2328 ypodigma-

469 2346 526 2377 tici
553 2347 579 2377 S
599 2358 686 2378 corr.
713 2348 796 2378 Keil
876 2345 898 2379 4
925 2358 990 2380 οιον
1016 2347 1118 2378 ueluti
1146 2357 1414 2389 ομοεματικονως
1439 2352 1475 2376 ut
1501 2356 1612 2387 ωσπερ
1639 2346 1725 2377 sicut
1750 2357 1807 2379 και
1831 2357 1928 2388 τουγε

469 2416 672 2447 quamquam
699 2408 798 2438 HM
816 2406 919 2437 ueluti
946 2412 982 2438 ut
1007 2418 1072 2439 οιον
1098 2408 1124 2437 S
1241 2404 1262 2438 5
1300 2411 1336 2437 ut
1361 2417 1406 2443 ως
1431 2416 1542 2446 ωσπερ
1570 2406 1596 2436 S
1715 2403 1732 2437 7
1769 2399 1928 2446 iungatur

472 2465 570 2496 Char.
592 2466 743 2507 iungitur
761 2467 787 2497 S
880 2464 902 2499 8
928 2466 1082 2497 dicebam
1104 2466 1203 2497 Clzar.
1223 2466 1335 2496 Diem.
1356 2465 1490 2496 dicebat
1509 2466 1534 2496 S
1627 2462 1649 2496 9
1676 2464 1820 2496 finitivis
1837 2464 1927 2496 enim

469 2524 618 2564 iungitur
643 2535 658 2556 e
686 2525 786 2557 Char.
813 2531 842 2557 et
858 2526 970 2557 Diem.
998 2526 1073 2557 add.
1093 2526 1175 2556 Keil
1267 2523 1313 2557 10
1339 2525 1483 2565 agebam
1505 2525 1604 2556 Char.
1623 2525 1735 2555 Diem.
1762 2524 1888 2565 agebat
1905 2524 1932 2555 S

469 2581 511 2614 11
551 2584 587 2614 de
623 2585 664 2615 iis
701 2596 784 2625 quae
813 2590 890 2626 post
925 2586 1062 2616 refertur
1092 2586 1210 2616 omissa
1243 2590 1322 2616 sunt
1353 2585 1399 2626 qf.
1435 2584 1558 2616 Comin.
1594 2593 1662 2623 104
1695 2583 1872 2624 Virgilium
1905 2583 1932 2614 S

469 2639 514 2673 14
552 2647 700 2684 tempore
740 2645 814 2686 ipso
857 2645 955 2676 Char.
994 2645 1106 2675 Diem.
1259 2642 1304 2676 15
1346 2654 1365 2674 a
1402 2644 1519 2675 addidi
1554 2654 1568 2675 e
1609 2643 1708 2675 Char.
1747 2648 1778 2674 et
1812 2643 1925 2674 Diem.

468 2699 511 2732 17
539 2701 690 2741 iungitur
719 2704 816 2735 Clzar.
844 2705 956 2735 Diam.
988 2702 992 2746 Ι
1023 2709 1058 2735 ut
1084 2703 1174 2745 apud
1201 2703 1389 2743 Vergilium
1420 2704 1518 2734 Char.
1545 2703 1658 2734 Diam.
1685 2707 1720 2734 ut
1746 2702 1821 2733 add.
1847 2702 1931 2734 Keil

469 2757 514 2792 20
540 2761 587 2792 sic
613 2766 645 2792 et
675 2762 773 2794 Char.
801 2765 911 2795 Diem.
940 2764 1019 2794 licet
1045 2773 1120 2794 cum
1147 2764 1172 2794 S
