2164 3471
1636 319 1692 361 69

228 447 260 478 p.
285 445 367 475 414.
394 437 439 469 K.

226 507 306 550 sub
337 509 478 561 tect0,
522 511 593 551 ὑπὸ
625 511 698 563 τὴν
731 512 845 552 σκιάν
877 509 955 551 sub
988 510 1196 551 umbram.
1258 509 1406 553 verbis
1438 512 1585 552 autem
1616 522 1691 563 ap·

224 581 379 622 tantur
400 579 495 633 hae,
518 581 595 623 ἀπό
619 591 667 622 as
689 579 914 634 aspellere,
935 584 1004 624 διά
1026 580 1070 622 di
1092 580 1305 635 diducere,
1327 585 1396 626 ’διά
1413 581 1479 624 dis
1495 581 1690 635 disicere,

223 653 294 695 σόν
325 662 374 693 co
396 661 601 704 coemere,
634 655 739 710 μετά
760 663 840 694 con
861 655 1128 705 convertere,
1159 656 1229 696 διά
1251 664 1296 694 se
1317 664 1554 707 secernere,
1586 657 1691 713 μετά

223 734 271 764 re
307 734 529 765 revocare.
589 721 708 765 inter
739 735 812 765 eas
845 735 957 775 quae
988 727 1172 766 accentu
1202 727 1370 766 mutato
1401 725 1448 766 in
1479 724 1691 768 adverbia

175 805 195 838 5
223 794 386 836 cadunt
415 793 499 836 hae
531 799 645 848 sunt,
676 794 795 837 infra
825 795 946 837 intra
978 807 1111 848 supra
1140 795 1259 837 ultra
1281 795 1394 838 citra
1416 795 1533 838 circa
1563 796 1689 839 iuxta

221 868 376 907 contra
407 866 564 908 subtus
597 878 742 908 coram
775 871 880 909 ante
910 870 1020 920 post.

337 1007 498 1051 XLVI.
559 1008 612 1050 In
653 1009 920 1062 praepositio
961 1009 1180 1063 significat
1221 1011 1344 1052 modo
1387 1010 1433 1052 id
1475 1012 1589 1063 quod
1620 1014 1687 1053 est

218 1079 348 1122 valde
391 1083 437 1122 et
478 1079 567 1122 vim
608 1081 733 1123 verbi
775 1082 845 1123 cui
875 1082 1159 1135 praeponitur
1192 1085 1346 1136 auget,
1388 1085 1439 1124 ut
1468 1082 1684 1135 increpuit

217 1151 430 1194 insonuit:
462 1151 686 1206 Vergilius

148 1234 191 1268 10
342 1221 526 1265 Turnus
557 1226 610 1265 ut
639 1223 854 1277 infractos
886 1224 1061 1266 adverso
1094 1224 1241 1266 Marte
1272 1224 1470 1267 Latinos.

216 1295 340 1337 modo
373 1294 594 1349 significat
624 1295 737 1337 idem
770 1297 883 1348 quod
914 1308 999 1338 non
1032 1300 1076 1338 et
1107 1296 1196 1338 Vim
1228 1297 1354 1339 verbi
1374 1297 1602 1352 imminuit,
1635 1302 1685 1341 ut

214 1366 447 1410 invalidus.
509 1367 687 1420 ponitur
719 1370 764 1409 et
795 1380 873 1420 pro
907 1379 954 1409 eo
989 1369 1101 1420 quod
1134 1372 1200 1410 est
1232 1368 1361 1422 inter,
1394 1372 1443 1411 ut

334 1437 613 1480 Penthesilea
643 1438 802 1493 furens
832 1438 1071 1492 mediisque
1102 1439 1149 1481 ‘in
1185 1439 1364 1482 milibus
1396 1440 1522 1482 ardet

214 1513 312 1561 <et>

145 1593 187 1626 15
334 1584 416 1624 aut
441 1581 597 1636 Capyn
629 1584 711 1624 aza
742 1581 862 1624 celsis
893 1581 942 1624 in
970 1583 1198 1636 puppibus
1230 1597 1357 1626 arma
1384 1583 1516 1626 Caici.

213 1653 390 1707 ponitur
421 1657 467 1696 et
498 1666 575 1707 pro
608 1654 829 1709 adversus,
862 1658 911 1696 ut

333 1724 442 1778 quid
472 1739 593 1767 meas
624 1724 797 1767 Aeneas
828 1725 880 1767 in
914 1730 951 1767 te
984 1726 1243 1768 committere
1277 1730 1447 1769 tantam

212 1800 258 1840 et

194 1845 196 1847 ’
329 1855 422 1911 ipse
454 1857 550 1899 deos
581 1855 633 1899 i‘n
665 1857 889 1900 Dardana
920 1857 1104 1900 suscitat
1134 1872 1270 1900 arma.

139 1938 185 1973 20
210 1928 388 1982 ponitur
419 1932 464 1972 et
495 1942 573 1982 pro
604 1930 728 1972 modo
761 1930 1003 1984 qualitatis,
1035 1933 1085 1972 ut

1121 2015 1244 2054 quem
1268 2001 1402 2055 pellis
1434 2002 1558 2045 aenis

329 2071 407 2123 <in
431 2073 660 2126 plumam>
692 2072 886 2126 squamis
918 2086 1026 2115 auro
1062 2077 1256 2116 conserta
1287 2074 1452 2129 teqebca
1471 2074 1486 2128 Η

328 2180 375 2214 10
413 2182 503 2225 Verg.
530 2184 610 2214 Aen.
636 2183 717 2214 XII
737 2193 756 2213 J
870 2180 915 2214 13
949 2182 1038 2224 l'erg.
1065 2185 1145 2214 Aen.
1173 2184 1198 2213 I
1215 2193 1285 2224 491
1398 2182 1443 2216 15
1477 2184 1566 2226 [1³73.
1593 2186 1673 2215 Aen.

209 2241 316 2280 [183
364 2240 408 2274 17
436 2242 525 2285 Verg.
544 2244 625 2274 Aen.
644 2243 749 2281 [231
800 2240 845 2274 19
871 2242 960 2283 Verg.
980 2243 1060 2274 Aen.
1081 2242 1124 2273 II
1136 2242 1208 2274 618
1255 2241 1298 2274 21
1325 2243 1415 2285 Verg.
1433 2245 1514 2276 Aen.
1533 2244 1591 2275 XI
1607 2252 1673 2284 770

328 2335 348 2368 1
388 2342 499 2368 autem
525 2349 587 2369 om.
614 2338 713 2369 HM
820 2336 857 2380 2·
879 2338 943 2368 hae
969 2349 1029 2369 om.
1056 2339 1156 2370 HM
1174 2342 1293 2379 aptant
1317 2339 1401 2369 haec
1428 2336 1475 2380 Si
1499 2339 1531 2371 δι
1556 2340 1612 2372 δια
1638 2340 1672 2370 di

209 2396 370 2428 diducere
396 2398 451 2430 δια
477 2398 527 2436 δις
552 2397 702 2429 distraho
729 2408 766 2431 σο
794 2408 852 2430 συν
871 2408 934 2428 con
953 2404 1148 2429 conuertere
1165 2399 1264 2429 HM
1274 2398 1431 2429 dissicere
1449 2399 1475 2429 S
1567 2396 1590 2431 4
1616 2410 1671 2430 eas

209 2457 292 2488 Keil
313 2467 354 2487 ea
380 2457 406 2488 S
522 2455 543 2490 5
575 2468 675 2500 supra
700 2458 783 2488 Ix'eil
804 2457 921 2488 subtra
947 2458 972 2488 S
1087 2455 1109 2490 8
1141 2458 1289 2499 inerupit
1315 2459 1342 2489 S
1458 2456 1479 2490 9
1506 2458 1670 2498 Virgilius

208 2517 235 2548 S
255 2522 292 2548 ut
310 2516 483 2557 Vergilius
501 2518 615 2548 Diem.
690 2515 736 2549 10
762 2525 878 2548 auerto
898 2518 925 2548 S
995 2516 1037 2549 11
1066 2517 1225 2548 inminuit
1244 2517 1296 2548 cui
1317 2518 1537 2563 praeponitur
1553 2519 1668 2549 Diam.

207 2574 253 2608 12
290 2576 460 2608 invalidus
486 2576 642 2607 infirmus
666 2577 781 2608 Dz'om.
817 2575 821 2618 Ι
856 2577 993 2618 ponitur
1018 2577 1131 2608 Diam.
1159 2577 1355 2618 preponitur
1381 2578 1407 2608 S
1546 2576 1592 2610 13
1634 2584 1670 2609 ut

207 2636 422 2667 Penthesilea
451 2636 535 2668 Keil
568 2641 604 2667 ut
638 2636 673 2667 in
712 2636 926 2678 penthesilea
961 2638 986 2668 S
1142 2634 1189 2669 14
1227 2641 1259 2668 et
1290 2648 1305 2668 e
1335 2637 1449 2668 Diem.
1484 2638 1559 2669 add.
1591 2639 1673 2669 Keil

206 2694 253 2728 16
279 2695 418 2737 ponitur
443 2707 505 2727 om.
531 2696 644 2727 Diem.
668 2693 672 2737 Ι
696 2696 866 2735 adversus,
894 2700 930 2727 ut
956 2696 991 2726 in
1018 2696 1232 2738 parricidam,
1257 2696 1293 2727 in
1318 2702 1505 2738 tyrannum,
1531 2702 1566 2728 ut
1585 2697 1666 2728 Ver-

204 2755 307 2796 gilius
331 2756 446 2787 Diom.
545 2753 590 2787 20
616 2755 757 2797 ponitur
781 2766 844 2787 om.
870 2756 983 2787 Diom.
1083 2754 1128 2788 22
1154 2757 1188 2787 in
1214 2756 1365 2798 plumam
1391 2757 1466 2788 add.
1493 2757 1575 2788 Keil
1593 2755 1597 2799 l
1621 2762 1666 2788 te-

205 2815 306 2856 gebat
331 2825 383 2846 res
409 2820 508 2857 atque
533 2815 631 2846 huius
656 2815 690 2845 in
717 2816 840 2846 faeiem
867 2816 893 2847 S
914 2826 1002 2847 corr.
1029 2816 1111 2847 lx’eil

1742 739 1760 772 7

1733 1383 1754 1416 [0
