2148 3407
467 267 520 308 26

466 397 498 426 p.
527 386 604 426 389.
633 393 701 425 390
727 385 771 416 K.

899 478 1069 536 (ΠΕΡΙ
1110 476 1490 537 ΟΝΟΜΑΤΟΣ)

583 597 679 639 XV.
722 598 887 656 ’Όνομά
909 599 1015 641 ἐστιν
1039 601 1155 656 μέρος
1175 600 1302 656 λόγου
1326 601 1431 656 μετὰ
1453 602 1643 649 πτώσεως
1665 597 1757 640 ἄνευ
1781 600 1922 656 χρόνου

465 676 631 728 πρᾶγμα
672 671 903 728 ἐνσώματον
944 671 993 723 <ἢ
1037 669 1281 728 ἀσώματον>
1323 674 1514 727 σημαῖνον
1554 671 1695 727 κυρίως
1727 665 1768 724 [ἢ
1802 664 1923 723 ἰδίως]

417 749 438 783 2
463 743 488 795 ἢ
510 748 670 792 κοινῶς·
694 743 845 799 κυρίως,
871 741 885 783 ΙΙ
911 744 963 791 ὡς
983 741 1032 783 τό
1155 745 1318 792 ,κοινῶς,
1343 743 1396 791 ὡς
1414 742 1464 783 τό
1582 739 1723 798 ὄνομα
1742 742 1923 798 λέγεται,

465 813 572 856 ὅτι“
558 830 598 858 εν
629 813 801 855 ἕκαστον
833 818 1000 870 πρᾶγμα
1031 813 1223 869 σημαίνει,
1258 814 1310 861 ὡς
1336 813 1658 870 παρασημείωσις
1679 812 1926 871 ἀνῃρημένης
1975 818 1996 852 5

462 891 536 938 τίς
568 888 690 943 μέσης
721 886 824 927 συλλ
817 884 929 941 αρῆς
958 885 1028 925 διὰ
1058 898 1278 940 συγκοπην,
1311 883 1389 936 <ἢ>
1421 883 1498 926 ἀπὸ
1528 899 1603 937 της
1624 883 1836 936 ἑλληνικῆς
1856 883 1924 940 ἀρ-

414 963 435 998 3
461 972 547 1014 χης.
590 953 611 976 *
652 959 708 997 τὰ
750 956 933 1013 ὀνόματα
974 955 1071 1011 άπερ
1114 954 1247 1004 ἷδικῶς
1277 956 1346 996 καὶ
1376 956 1517 1012 κυρίως
1546 956 1736 1012 λέγεται,
1780 954 1926 1012 ὁμοίως

463 1029 558 1085 ἅπερ
592 1028 639 1069 ἂν
672 1042 864 1084 μονογενη
896 1027 967 1068 καὶ
989 1027 1092 1083 μόνα
1112 1026 1230 1078 ἐστίν,
1263 1031 1344 1068 τῶν
1366 1026 1470 1068 θεῶν
1593 1025 1839 1082 ἀνθρώπων,
1873 1027 1926 1074 ὡς

414 1106 436 1140 4
460 1101 510 1141 τό
634 1100 800 1152 ,πόλεων
923 1098 1130 1155 ,ἐπαρχιῶν
1250 1099 1378 1150 νήσων
1501 1097 1644 1154 ὀρέων,
1698 1099 1751 1146 ὡς
1800 1097 1850 1138 τό

463 1176 653 1228 ποταμῶν
774 1175 865 1211 .τῶν
906 1169 1048 1226 κυρίων
1091 1168 1299 1226 ὀνομάτων
1341 1169 1368 1210 ἃ
1410 1171 1479 1226 μέν
1516 1169 1610 1210 εἰσιν
1641 1169 1924 1226 χρηματισμοί,
1953 1172 1997 1208 10

464 1242 582 1283 ἅτινα
622 1247 702 1283 τῶν
736 1241 943 1299 ὀνομάτων
973 1246 1054 1282 τῶν
1087 1240 1252 1282 ἐθνικῶν
1283 1242 1578 1297 προτάσσεται,
1623 1242 1676 1289 ὡς
1800 1237 1927 1281 ,ἄλλα

463 1314 579 1370 κύρια
600 1313 752 1365 &ava-1102,
777 1313 895 1353 ἅτινα
917 1311 993 1353 ἀπὸ
1010 1317 1082 1353 τοῦ
1099 1314 1238 1368 γένους
1253 1313 1411 1353 καὶτοῦ
1429 1310 1570 1361 ἔθνους
1584 1311 1763 1352 κάτεισιν
1885 1309 1926 1352 ,ἃ

462 1386 509 1426 δὲ
551 1387 781 1441 συνώνυμα,
825 1384 852 1424 ἃ
880 1388 968 1432 τοῖς
1000 1382 1186 1441 ὀνόμασιν
1216 1387 1303 1432 τοῖς
1333 1383 1504 1432 ἐθνικοῒς
1535 1383 1830 1434 ὑποτάσσεται,
1875 1383 1928 1431 ὡς

462 1457 510 1498 τό
635 1456 918 1507 ,συντάσσεται
958 1457 1036 1512 γὰρ
1080 1455 1207 1504 οὕτως
1330 1454 1370 1496 .ἃ
1409 1455 1458 1496 δὲ
1499 1456 1740 1511 παρώνυμα,
1785 1452 1813 1494 ἃ
1842 1457 1927 1502 τοῖς

463 1526 700 1584 συνωνύμοις
741 1525 787 1568 ἔκ
827 1541 933 1576 τινος
971 1528 1169 1584 λογισμοῦ
1201 1526 1225 1579 ἢ
1259 1526 1404 1583 ἀρετῆς
1435 1525 1739 1583 προσβάλλεται
1858 1525 1927 1566 καὶ
1953 1527 1997 1563 15

462 1600 517 1640 τὰ
546 1598 707 1647 τούτοις
738 1598 869 1655 ὅμοια.

586 2022 709 2065 XVI.
770 2026 1055 2082 Προσηγορικὰ
1103 2024 1286 2082 ὀνόματά
1331 2024 1447 2076 εἰσιν,
1497 2024 1614 2066 ἅτινα
1655 2029 1820 2081 γενικῶς
1860 2024 1931 2065 καὶ

419 2111 426 2120 ·
466 2103 605 2146 κοινῶς
644 2097 824 2153 λέγεται.
885 2101 1021 2138 ταῦτα
1062 2096 1115 2146 εἰς
1154 2096 1227 2138 δύο
1270 2093 1356 2149 εἴδη
1397 2096 1621 2152 διαιρεῖται.
1691 2094 1718 2136 ἃ
1749 2096 1819 2152 μὲν
1849 2096 1929 2152 γὰρ

587 2449 608 2483 1
647 2450 758 2484 ΠΕΡΙ
794 2449 1051 2484 ΟΝΟΜΑΤΟΣ
1085 2450 1160 2481 add.
1195 2450 1278 2481 Keil
1419 2447 1440 2481 3
1478 2445 1499 2491 ἢ
1534 2446 1716 2491 ἀσώματον
1750 2449 1826 2480 add.
1851 2448 1935 2480 Keil

468 2507 488 2552 ἢ
515 2505 608 2548 ἰδίως
632 2510 748 2542 seclusi
843 2508 865 2543 5
891 2520 1116 2543 οτιενεκαστον
1140 2519 1280 2551 πραγμα
1306 2509 1353 2540 bis
1377 2509 1538 2550 scrzptum
1563 2509 1599 2540 in
1625 2508 1652 2540 S
1669 2507 1675 2551 Ι
1698 2518 1931 2550 ανηρηγμηνης

470 2570 496 2601 s
517 2581 604 2601 corr.
631 2570 714 2601 Keil
806 2568 828 2602 6
853 2565 875 2611 ἢ
901 2569 976 2600 add.
1003 2569 1085 2600 Keil
1187 2567 1204 2600 τ
1232 2560 1480 2602 ΤΟΥΝΟΤΑΤ
1503 2569 1540 2600 in
1566 2568 1592 2600 s
1614 2573 1689 2600 ante
1713 2567 1756 2600 τὰ
1781 2562 1930 2609 ὀνόματα

470 2630 552 2661 idem
578 2630 709 2660 videtur
734 2639 804 2666 esse,
831 2629 922 2671 quod
945 2623 1037 2659 ‘nota
1062 2621 1184 2660 tamen'
1283 2625 1305 2661 8
1336 2632 1445 2670 απερᾶ
1471 2628 1498 2660 S
1521 2626 1603 2670 ἅπερ
1629 2627 1713 2659 Keil
1803 2623 1850 2658 12
1876 2625 1930 2659 ef>-

470 2699 589 2726 νικωυς
614 2699 752 2721 κατυσιν
778 2689 804 2720 S
825 2699 913 2720 corr.
939 2688 1022 2720 Keil
1127 2686 1172 2720 13
1199 2698 1221 2720 α
1246 2698 1321 2725 τους
1346 2698 1504 2730 ονομασιν
1530 2697 1595 2725 τοις
1621 2686 1769 2724 εὖνικους
1795 2685 1821 2717 S
1842 2696 1929 2717 corr.

471 2748 553 2779 Keil
669 2745 715 2780 14
741 2758 816 2786 τους
842 2758 1042 2790 συνονυμους
1068 2747 1093 2778 S
1115 2758 1201 2779 corr.
1229 2747 1310 2778 Keil
