2148 3407
463 284 519 326 28

463 413 495 444 p.
524 410 601 443 390.
630 409 708 441 391.
737 410 802 443 392
831 403 874 433 K.

463 476 594 516 αὐτῶν
636 476 816 532 σημαίνει
855 476 1078 532 πράγματα
1115 475 1352 531 ἐνσώματα,
1393 474 1512 515 ἅτινα
1541 476 1611 516 καὶ
1642 475 1734 517 ἰδεῖν
1766 477 1836 518 καὶ
1866 475 1918 518 ὧν

462 546 650 603 ἅψασθαι
679 547 869 597 δυνατόν,
902 547 972 587 καὶ
1001 546 1109 601 παρά
1139 561 1254 586 τινων
1286 545 1508 597 ἐπικλήσεις
1537 547 1916 603 προσαγορεύονται,

462 620 514 666 ὡς
543 619 593 658 τὸ
626 616 833 674 ἄνθρωπος
863 618 1026 673 δένδρον
1058 616 1259 673 βόσκημα,
1293 616 1410 656 ἅτινα
1432 614 1446 656 ΙΙ
1470 618 1582 673 ἡμεῖς
1609 618 1825 674 ἐνσώματα
1845 633 1917 659 κα-

460 690 619 745 λοῦμεν.
683 688 710 728 ἂ
739 689 787 729 δὲ
817 689 886 730 καὶ
916 689 1024 744 παρά
1053 703 1168 728 τινων
1199 688 1460 744 προσηγορίαι
1490 689 1681 744 λέγονται
1711 690 1781 731 καὶ
1811 688 1919 730 ἔστιν

461 759 686 816 ἀσώματα,
734 760 852 801 ἅτινα
897 765 955 815 τῷ
997 765 1050 814 νῷ
1094 759 1212 815 μόνον
1252 758 1639 815 καταλαμβάνεται,
1690 759 1783 801 ἀλλ’
1825 759 1918 802 οὔτε

461 831 555 872 ἰδεῖν
599 829 692 871 οὔτε
723 830 912 887 ἅψασθαι
943 830 1075 871 αὐτῶν
1106 831 1294 881 δυνατόν,
1336 832 1388 878 ὡς
1419 828 1525 871 ἔστιν
1557 830 1736 887 εὐσέβεια
1767 832 1918 873 δικαιο-

461 902 556 954 σύνη
597 902 750 958 κόσμος
791 901 946 958 ἀξίωμα
977 900 1112 957 εὔροια
1141 901 1401 942 διδασκαλία.
1464 906 1598 942 ταῦτα
1628 903 1740 958 ἡμεῖς
1770 917 1917 958 προση-

460 974 605 1029 γορικὰ
634 973 819 1029 λέγομεν.

577 1111 723 1156 XVII.
786 1115 854 1170 Τῷ
888 1113 1056 1171 ὀνόματι
1086 1114 1290 1171 συμβαίνει
1319 1118 1466 1166 ταῦτα,
1499 1111 1606 1164 εῗδος
1636 1117 1750 1171 γένος
1782 1120 1919 1173 σχῆμα

1157 1182 1175 1189 Ν

1968 767 1988 801 ῢι

460 1185 630 1243 ἀριθμὸς
660 1191 819 1235 πτῶσις.
878 1183 984 1234 εἷ’ῧὸς
1014 1185 1120 1226 ἐστιν
1151 1190 1181 1241 ᾠ
1208 1190 1369 1237 νοεῖται,
1402 1186 1426 1238 ἢ
1458 1185 1589 1242 κύριον
1620 1184 1678 1239 εἴη
1709 1187 1759 1228 τὸ
1792 1185 1920 1244 ὄνομα
1946 1194 1989 1228 10

458 1258 482 1310 ἢ
514 1258 816 1314 προσηγορικον.
878 1259 972 1313 γένη
1004 1262 1084 1297 τῶν
1116 1256 1324 1314 ὀνομάτων
1355 1256 1449 1298 εἰσὶν
1479 1259 1682 1313 τέσσαρα,
1716 1257 1919 1314 ἀρσενικόν

458 1328 663 1381 <ὒηλυκὸν
706 1329 915 1384 οὐδέτερον
956 1329 1100 1369 κοινόν.
1165 1328 1368 1384 ἀρσενικόν
1410 1329 1517 1369 ἐστιν
1559 1326 1604 1370 οῧ
1646 1330 1920 1385 προτάσσεται

460 1398 589 1451 οὗτος,
624 1402 676 1449 ὡς
708 1398 826 1449 οὗτος
857 1400 877 1440 ὁ
909 1400 1209 1448 διδάσκαλος>’
1243 1399 1423 1452 θηλυκόν
1451 1400 1558 1441 ἐστιν
1581 1397 1625 1441 οῧ
1647 1401 1920 1456 προτάσσεται

460 1471 585 1523 αὕτη,
630 1473 682 1520 ὡς
725 1471 827 1523 αὕτη
869 1472 893 1523 ἢ
937 1472 1090 1527 σχολή·
1135 1470 1345 1528 οὐδέτερόν
1377 1471 1536 1518 <ἐστιν>
1568 1468 1613 1512 οῧ
1645 1472 1918 1528 προτάσσεται

458 1547 601 1594 τοῦτο,
646 1544 698 1591 ὡς
733 1547 858 1583 τοῦτο
890 1543 938 1583 τὸ
972 1543 1161 1598 σκρίνιον·
1205 1543 1334 1584 κοινόν
1366 1543 1473 1583 ἐστιν
1506 1540 1551 1584 οῧ
1582 1543 1857 1598 προτάσσεται
1896 1543 1916 1584 ὁ
1945 1550 1988 1584 15

458 1614 527 1654 καὶ
566 1615 590 1666 ἣ
622 1614 692 1655 καὶ
722 1614 770 1654 τό
895 1612 1015 1655 ,ἔστιν
1046 1614 1116 1655 καὶ
1146 1613 1321 1655 ἐπίκοινα
1353 1613 1561 1670 ὀνόματα,
1600 1613 1628 1654 ἃ
1659 1613 1696 1655 οἱ
1717 1613 1918 1666 “Ελληνες

458 1684 839 1741 προσαγορεύουσιν,
883 1685 1004 1726 ὁπότε
1043 1685 1135 1742 ὅπερ
1168 1684 1399 1742 ἀναγκαίως
1431 1685 1621 1741 ἀρσενικῷ
1653 1687 1757 1741 γένει
1788 1685 1915 1743 ἐκφω-

458 1761 582 1797 νεῖται
621 1757 691 1798 καὶ
731 1756 898 1812 θηλυκῷ
940 1761 1112 1808 νοεῖται,
1151 1756 1175 1808 ἢ
1214 1756 1444 1797 τούναντίον
1476 1755 1623 1812 <ὅπερ>
1654 1756 1820 1812 θηλυκῷ
1852 1757 1915 1798 ἐκ·

459 1832 646 1885 φωνεῖται
677 1829 747 1869 καὶ
778 1827 968 1884 ἀρσενικῷ
1001 1827 1378 1885 παραλαμβάνεται,
1412 1830 1465 1877 ὡς
1494 1828 1543 1868 τὸ
1576 1827 1776 1884 στρουθός
1797 1828 1916 1878 ἀετός

458 1899 530 1955 χήν
572 1900 696 1955 γαλῆ.
759 1900 953 1956 σχήματα
994 1905 1074 1940 τῶν
1118 1898 1326 1956 ὀνομάτων
1367 1899 1474 1941 ἐστὶν
1514 1898 1612 1950 δύο,
1656 1900 1804 1941 ἁπλοῦν
1847 1901 1917 1942 καὶ
1941 1904 1987 1940 20

458 1969 674 2022 σύνθετον,
719 1971 870 2011 ἁπλοῦν
913 1973 965 2020 ὡς
1006 1972 1055 2012 τό
1178 1971 1424 2012 ,συντίθεται
1463 1971 1511 2012 δὲ
1543 1969 1726 2028 ὀνόματα
1756 1971 1916 2027 τρόποις

457 2044 668 2098 τέτρασιν·
712 2042 758 2082 ἐκ
787 2042 860 2083 δύο
893 2043 1074 2093 τελείων,
1110 2044 1162 2091 ὡς
1193 2043 1242 2083 τὸ
1273 2043 1531 2098 προάστειον·
1575 2042 1621 2083 ἐκ
1649 2041 1723 2084 δύο
1756 2041 1914 2084 ἀπολει-

457 2114 622 2165 πόντων,
646 2110 661 2154 {l
687 2116 739 2162 ὡς
770 2114 818 2154 τὸ
852 2108 1161 2170 [τεχνίτης],»ἐκ
1192 2114 1347 2155 τελείου
1370 2115 1440 2155 καὶ
1461 2113 1758 2165 ἀπολείποντος,
1793 2115 1846 2163 ὡς
1865 2115 1914 2155 τὸ

575 2585 597 2618 2
624 2580 790 2630 ἐπικλησις
815 2596 1092 2627 προσαγορευεται
1118 2585 1144 2616 S
1165 2596 1251 2616 corr.
1270 2585 1353 2616 Keil
1446 2582 1491 2618 12
1517 2582 1914 2627 θηλυκὸν-διδάσκαλος

456 2646 531 2677 add.
557 2646 640 2677 Keil
755 2642 801 2677 14
836 2638 922 2678 ἔστιν
948 2645 1023 2676 add.
1050 2645 1132 2676 Keil
1249 2643 1295 2677 16
1333 2641 1355 2677 ἃ
1380 2639 1410 2677 οἱ
1434 2645 1517 2676 Keil
1539 2655 1590 2678 αιο
1616 2645 1643 2676 S
1656 2649 1734 2686 post
1750 2638 1914 2686 Ἕλληνες

456 2706 539 2737 Keil
559 2699 706 2738 ἐπίκοινα
732 2706 806 2736 add.
929 2702 975 2738 18
1013 2700 1091 2746 ὅπερ
1118 2705 1193 2736 add.
1220 2705 1303 2736 Keil
1419 2702 1464 2736 21
1507 2703 1630 2737 ἁπλοῦν
1654 2703 1737 2736 Keil
1757 2713 1828 2736 απα
1854 2703 1881 2734 S
1905 2701 1908 2745 1

457 2764 599 2798 σύνθετα
636 2765 662 2795 S
695 2775 781 2796 corr.
820 2765 903 2795 Keil
935 2762 940 2807 1
978 2774 1112 2805 τραποις
1145 2765 1171 2795 S
1192 2775 1278 2795 corr.
1308 2764 1391 2796 Keil
1531 2761 1576 2795 23
1617 2759 1764 2807 τεχνίτης
1799 2763 1916 2794 seclusi
