2164 3471
138 1168 181 1201 10

137 1526 180 1560 15

136 1882 181 1917 20

1621 326 1671 365 51

212 450 244 481 p.
271 447 338 480 403
367 439 411 470 K.

210 513 313 561 τινὲς
353 513 377 565 ἢ
416 513 521 554 ποιοὶ
562 519 676 554 τινῶν
718 514 741 566 ἢ
780 520 899 555 ποιῶν
930 515 999 555 καὶ
1029 515 1132 564 τινὲς
1162 516 1186 568 ἢ
1219 517 1328 557 ποιαὶ
1358 522 1472 557 τινῶν
1503 518 1528 570 ἢ
1559 523 1677 560 ποιῶν

209 585 280 626 καὶ
309 585 400 625 τινὰ
432 584 457 636 ἢ
487 585 582 625 π,ιὰ
604 591 717 625 τινῶν
739 585 763 637 ἢ
786 591 906 627 ποιῶν
929 582 1004 634 qui
1027 595 1138 635 quae
1161 595 1272 636 quae
1294 596 1472 636 quorum
1496 598 1677 638 quarum

210 664 390 715 quorum
412 656 457 695 et
478 651 661 705 reliqua.
718 654 793 696 sed
816 657 990 696 veteres
1011 654 1327 697 nominativum
1347 656 1560 708 pluralem
1583 657 1676 709 quis

209 723 417 767 dixerunt
457 724 655 777 regulam
701 725 852 768 secuti.
904 726 1019 767 unde
1061 726 1194 767 etiam
1233 727 1410 769 dativus
1440 728 1603 771 mansit
1632 729 1677 771 in

210 795 539 848 consuetudine;
570 808 671 838 nam
704 796 885 838 dicimus
918 796 1075 848 quibus
1107 809 1185 850 pro
1218 798 1314 849 quis
1347 803 1392 840 et
1423 812 1500 851 pro
1523 800 1677 852 quibus

210 866 308 920 quis
346 879 434 910 non
464 879 699 919 numquam
732 868 927 910 dicimus.
989 873 1149 921 τίςποτε
1179 872 1204 924 ἢ
1235 873 1444 922 ποιὸςποτε
1474 875 1676 924 τινόςποτε

209 943 234 994 ἢ
280 947 422 983 ποιοῧπ
449 957 494 983 τε
540 944 609 983 καὶ
650 944 812 992 cigno—„a
853 943 878 995 ἢ
921 944 1114 984 :civim-„e
1155 945 1358 993 τινόςποτε
1399 946 1423 997 ἢ
1465 951 1676 996 ποιᾶςποτε

209 1014 279 1054 καὶ
308 1014 448 1055 τίποτε
478 1014 503 1066 ἢ
535 1015 746 1055 marimo—„a
776 1015 982 1064 τινόςποτε
1012 1015 1037 1066 ἢ
1069 1020 1294 1067 πῡιοῦποτε,
1327 1016 1501 1066 ἕκαστος
1522 1017 1674 1070 ἑκάστη

208 1084 383 1127 ἕκαστον
428 1086 498 1127 καὶ
544 1085 736 1143 ἑκάτερον
783 1083 966 1135 quisque
1013 1095 1211 1136 quaeque
1258 1085 1476 1139 quodque3
1529 1092 1584 1130 τὰ
1629 1092 1674 1131 δὲ

207 1156 400 1210 ἑλληνικὰ
430 1162 504 1199 τοῦ
536 1157 810 1210 πληθυντικοῦ
842 1163 991 1210 ταῦτα,
1024 1154 1258 1207 pluraliter
1287 1161 1488 1208 τινέςποτε
1508 1160 1532 1212 ἢ
1554 1163 1673 1202 ποιοί-

208 1244 308 1271 ποτε
347 1235 562 1271 τινῶνποτε
602 1230 627 1282 ἢ
666 1235 886 1271 ποιῶνποτε
916 1231 986 1271 καὶ
1015 1232 1217 1279 τινέςποτε
1248 1231 1272 1282 ἢ
1305 1232 1512 1272 maxim—„s
1541 1238 1673 1273 τινῶν-

209 1315 308 1342 ποτε
337 1301 363 1354 ἢ
395 1307 614 1342 ποιῶνποτε
644 1302 715 1343 καὶ
744 1303 935 1343 τινάποτε
966 1301 990 1353 ἢ
1023 1303 1217 1343 ποιάποτε
1236 1308 1451 1344 wau-move
1481 1304 1505 1355 ἢ
1537 1310 1673 1345 ποιῶν-

210 1387 332 1424 zore,
384 1371 553 1414 {nocant
604 1372 776 1414 ἕκασται
823 1372 980 1414 ἕκαστα
1028 1370 1187 1422 quique
1235 1383 1430 1423 quaeque
1477 1384 1673 1424 quaeque

211 1443 257 1484 et
286 1440 470 1494 reliqua.
529 1445 792 1497 ὁστιςῧήποτε
823 1445 848 1497 ἢ
882 1445 1168 1497 ὁποιοςῧήποτε
1200 1447 1458 1498 τινοςῧήποτε
1489 1447 1513 1498 ἢ
1544 1462 1674 1488 ποιου-

206 1517 360 1569 ῧήποτε
389 1517 459 1558 καὶ
488 1517 706 1569 τιςῧήποτε
737 1517 761 1569 ἢ
794 1518 1042 1568 ποιαῧήποτε
1073 1518 1331 1569 τινοςῧῆποτε
1362 1518 1386 1570 ἢ
1408 1520 1675 1571 ποιαςῧήποτε

207 1589 277 1629 καὶ
315 1588 510 1640 τιῧήποτε
550 1588 575 1640 ἢ
620 1589 885 1640 ποιονῧήποτε
915 1589 1175 1640 τινοςδήποτε
1206 1589 1230 1641 ἢ
1262 1591 1528 1642 ποιουῧήποτε
1560 1587 1672 1639 quis-

208 1668 390 1709 cumque
432 1668 699 1709 quaecumqe
740 1658 1057 1710 quodcumque3
1100 1657 1333 1710 pluraliter
1364 1662 1618 1713 τινεςδήποτε
1648 1662 1672 1715 ἢ

207 1732 464 1785 ποιοιδήποτε
515 1733 714 1784 τινωνῧήπ
740 1748 786 1773 τε
837 1732 861 1784 ἢ
914 1732 1189 1783 ποιωνῧήποτε
1235 1733 1304 1773 καὶ
1348 1734 1603 1785 τινεςῧῆποτε
1647 1734 1672 1786 ἢ

207 1804 468 1856 ποιαιῧήποτε
499 1805 768 1856 τινωνδήποτε
798 1804 823 1856 ἢ
856 1804 1128 1856 ποιωνῧῆποτε
1159 1804 1227 1844 καὶ
1252 1805 1494 1856 τιναῧήποτε
1515 1805 1539 1857 ἢ
1561 1820 1672 1846 ποια-

206 1876 361 1928 δήποτε
400 1876 673 1928 τινωνῧήποτε
713 1876 737 1927 ἢ
780 1876 1054 1928 ποιωνῧήποτε
1092 1871 1348 1924 quicumque
1380 1884 1673 1925 quaecumque

325 2039 346 2073 1
373 2051 517 2082 quorum
545 2051 686 2082 quarum
713 2051 855 2082 quorum
883 2052 944 2071 om.
973 2041 998 2070 S
1116 2039 1136 2071 3
1172 2046 1204 2070 et
1230 2041 1359 2081 reliqua
1385 2052 1446 2071 om.
1473 2038 1592 2084 HM!
1612 2042 1671 2072 sed

205 2099 408 2133 veteres—5
434 2101 578 2132 dicimus
603 2112 665 2132 om.
684 2098 807 2142 HM}
830 2100 1077 2130 nominativum
1103 2099 1269 2140 pluralem
1288 2101 1315 2131 S
1333 2100 1431 2131 Clzar.
1460 2101 1670 2131 nominativo

205 2160 331 2202 plurali
348 2161 435 2193 Exc.
535 2159 556 2194 5
574 2171 637 2202 pro
664 2160 739 2202 quis
760 2160 859 2191 Char.
878 2160 964 2191 Exc.
992 2170 1054 2200 pro
1081 2159 1152 2190 cuis
1170 2160 1196 2190 S
1211 2160 1354 2191 alter-um
1380 2171 1442 2201 pro
1461 2160 1582 2201 quibus
1597 2161 1669 2192 secl.

203 2220 287 2252 Keil
307 2220 451 2252 alterum
477 2220 554 2262 quis
579 2231 642 2252 om.
665 2220 763 2251 Char.
790 2220 877 2251 Exc.
977 2218 999 2251 6
1025 2219 1168 2260 quisque
1195 2219 1373 2260 qualisque
1399 2220 1560 2261 cuiusque
1588 2230 1667 2261 qua—

202 2279 314 2321 lisque
346 2290 502 2321 quaeque
528 2280 708 2321 qualisque
734 2279 897 2320 cuiusque
926 2279 1102 2319 qualisque
1129 2279 1289 2320 quodque
1316 2279 1483 2320 qualeque
1510 2279 1669 2321 cuiusque

203 2339 383 2380 qualisque
398 2344 567 2381 suprascr.
581 2340 626 2370 H
633 2340 685 2371 M.
750 2337 772 2371 9
790 2349 912 2371 εκαστο
924 2327 959 2368 ἶ
974 2336 1031 2379 (=
1044 2337 1257 2381 femininum)
1275 2340 1375 2370 HM
1432 2337 1478 2371 10
1495 2339 1670 2380 pluraliter

193 2403 273 2440 post
296 2398 457 2440 quodque
483 2399 510 2430 S
642 2397 688 2431 12
713 2410 734 2440 η
761 2409 872 2431 ποτων
898 2408 977 2430 ποτε
1002 2386 1037 2428 ᾗ
1061 2395 1120 2439 (=
1145 2397 1312 2440 neutrum)
1338 2410 1395 2431 και
1420 2409 1553 2431 εκαστοι
1576 2399 1675 2430 HM

201 2456 247 2490 13
281 2458 408 2499 quique
442 2458 628 2500 qualesque
664 2468 876 2499 quorumque
903 2457 1122 2498 qualiumque
1145 2458 1329 2499 qualesque
1356 2468 1563 2499 quarumque
1589 2468 1667 2499 qua-

199 2517 354 2559 liumque
371 2527 547 2559 quaequae
574 2518 760 2559 qualiaque
778 2527 988 2558 quorumque
1007 2517 1230 2558 qualiumque
1247 2518 1348 2549 HM
1438 2515 1484 2550 14
1502 2518 1669 2558 quiscum-

200 2587 266 2618 que
304 2577 561 2619 qualiscumque
595 2578 832 2618 cuiuscumque
865 2576 1118 2618 qualiscumque
1151 2586 1381 2618 quaecumque
1413 2577 1667 2618 qualiscumque

200 2637 440 2678 cuiuscumque
458 2637 715 2678 qualiscumque
742 2636 983 2678 quodcumque
1010 2635 1257 2677 qualecumque
1283 2636 1523 2677 cuiuscumque
1543 2636 1667 2677 qualis-

199 2707 343 2738 cumque
377 2697 581 2738 quicumque
614 2697 881 2738 qualescumque
916 2705 1205 2736 quorumcumque
1239 2695 1536 2736 qualiumcumque
1566 2705 1666 2737 quae-

199 2766 343 2798 cumque
369 2756 632 2798 qualescumque
659 2765 948 2797 quarumcumque
971 2755 1268 2796 qualiumcumque
1286 2765 1518 2796 quaecumque
1537 2755 1666 2796 qualia-

199 2826 341 2858 cumque
366 2826 655 2857 quorumcumque
682 2816 983 2857 qualiumcumque
1007 2819 1173 2856 suprascr.
1200 2815 1301 2846 HM

1401 2873 1450 2906 45⁵

1728 672 1748 704 ¹0

1725 1458 1746 1491 Q(
