2148 3407
505 283 558 323 70

505 412 538 443 p.
565 407 631 441 415
661 401 704 432 K.

508 473 553 512 et

626 543 754 593 atque
785 539 888 581 huie
919 539 970 581 iii
1001 539 1161 593 faciem
1192 553 1312 581 soror
1343 543 1394 581 ut
1426 554 1627 583 conserva
1657 540 1844 584 Metisci.

459 624 478 656 5
504 612 720 654 interdum
753 614 798 653 et
828 623 906 664 pro
938 611 1157 664 particula
1188 623 1471 664 supervacua,
1502 615 1552 654 ut

1085 695 1209 723 nosco
1245 681 1386 723 crines
1416 681 1666 735 incanaque
1697 686 1844 724 menta

625 752 739 808 reyis
769 752 976 795 Romani.
2013 764 2032 797 5

459 837 479 870 6
505 825 722 867 interdum
765 825 1023 877 qualitatem
1064 825 1199 866 habet
1237 825 1293 866 ad
1324 824 1445 877 peius
1478 825 1752 877 deteriusque
1783 825 1961 867 tenden-

506 899 606 950 tem,
637 899 688 938 ut

626 979 757 1018 quam
787 966 913 1007 semel
934 965 1167 1020 informem
1188 969 1304 1008 vasto
1326 965 1484 1008 vidisse
1504 966 1581 1008 sub
1605 969 1731 1008 antro
1750 965 1964 1020 Scyllam;

506 1051 592 1080 non
624 1038 735 1079 enim
767 1037 927 1079 nullius
964 1037 1130 1080 formae
1161 1037 1402 1091 significat,
1444 1038 1521 1080 sed
1551 1038 1691 1080 malae
1722 1037 1888 1080 formae
1918 1040 1965 1080 et

462 1121 480 1154 7
509 1121 620 1161 quae
650 1109 781 1162 vulgo
814 1109 974 1151 dicitur
1007 1108 1220 1151 deformis.
1280 1109 1386 1150 item
1994 1117 2036 1151 10

627 1182 668 1221 et
695 1179 839 1234 Pyrgi
868 1183 1027 1222 veteres
1057 1179 1422 1233 intempestaeque
1459 1178 1702 1222 Graviscae.

508 1263 608 1293 nam
651 1254 695 1293 et
735 1251 806 1293 hio
837 1264 921 1294 non
953 1251 1134 1304 nullius,
1178 1252 1253 1293 sed
1285 1251 1426 1293 malae
1458 1250 1733 1304 tempestatis
1764 1251 1967 1294 dicuntur

461 1333 482 1367 8
510 1321 762 1365 Graviscae.
823 1322 998 1375 ponitur
1039 1325 1135 1372 <et>
1176 1334 1253 1375 pro
1296 1322 1512 1374 qualit-ate
1553 1322 1824 1376 ordinatim,
1866 1325 1965 1372 <ut>

510 1405 603 1435 cum
636 1393 814 1435 dicimus
844 1397 960 1446 ‘opus
991 1393 1035 1435 in
1067 1394 1158 1435 dies
1190 1394 1368 1447 oresoit’‚
1400 1398 1450 1435 ut
1481 1393 1703 1447 Vergilius

626 1463 762 1517 inque
794 1463 884 1506 dies
916 1463 1040 1506 avide
1071 1477 1254 1518 surgens
1287 1467 1418 1518 caput
1449 1463 1584 1505 altius
1616 1463 1751 1519 effert.
1995 1473 2038 1507 15

464 1546 484 1579 9
511 1535 687 1588 ponitur
715 1539 760 1578 et
781 1548 858 1589 pro
881 1536 1022 1588 spatio
1044 1535 1285 1589 temporali,
1308 1548 1402 1578 cum
1425 1534 1643 1589 significat
1663 1547 1799 1588 usque
1816 1535 1969 1589 adhuc,

512 1610 587 1656 <ut
625 1619 720 1649 eum
763 1607 941 1649 dicimus
981 1611 1019 1649 ‘a
1050 1619 1176 1649 mane
1207 1607 1252 1649 in
1283 1611 1465 1660 noctem,
1497 1608 1549 1648 ut
1579 1607 1696 1659 apud
1726 1606 1969 1660 Vergilium

1277 1677 1389 1732 felia:
1419 1677 1455 1719 si
1481 1676 1692 1730 protinus
1721 1676 1851 1719 illum

633 1753 857 1801 aequasset
884 1749 1002 1791 nocti
1034 1749 1186 1791 ludum
1217 1748 1269 1790 iii
1301 1749 1521 1801 lucemque
1553 1747 1730 1791 tulisset.

445 1835 488 1869 10
513 1822 691 1876 ponitur
732 1824 777 1863 et
817 1834 894 1874 pro
936 1821 1256 1874 praepositione
1299 1824 1419 1873 pro),
1461 1822 1512 1862 ut
1543 1832 1639 1862 cum
1671 1819 1849 1862 dicimus
1879 1820 1972 1863 ‘hoo
1995 1830 2042 1864 20

513 1905 667 1936 munus
697 1892 743 1934 in
774 1905 930 1945 magno
963 1893 1113 1934 habeo’
1144 1895 1194 1934 ut
1225 1891 1446 1945 Vergilius

1342 1976 1466 2015 quem
1503 1961 1719 2004 Thracius
1750 1961 1852 2003 olim

633 2034 854 2076 Anchisae
882 2033 1074 2088 yeiiitori
1105 2034 1154 2076 iii
1187 2047 1343 2089 magno
1375 2046 1556 2075 ‘numere
1583 2032 1763 2084 Cisseus,

636 2189 657 2223 2
691 2190 779 2233 Verg.
805 2192 886 2221 Aen.
912 2190 991 2221 XII
1011 2189 1080 2229 623
1188 2188 1211 2222 4
1243 2190 1333 2231 Verg.
1359 2191 1439 2221 Aen.
1473 2189 1524 2220 VI
1543 2190 1612 2230 809
1720 2186 1742 2222 8
1775 2189 1865 2244 Verg:
1891 2189 1971 2219 Aen.

517 2251 581 2282 III
603 2260 674 2290 431
825 2248 869 2281 11
919 2250 1008 2291 Verg.
1040 2251 1120 2281 Aen.
1157 2249 1197 2280 X
1224 2250 1293 2288 184
1441 2246 1486 2281 15
1535 2249 1624 2291 Vcrg.
1661 2248 1774 2290 Georg.
1813 2247 1877 2279 Ill
1896 2257 1974 2287 ,553

518 2307 564 2343 18
597 2310 686 2351 Verg.
711 2310 792 2340 Aen.
818 2309 876 2340 IX
889 2316 965 2349 337
1061 2306 1106 2340 22
1139 2308 1228 2350 Verg.
1254 2309 1335 2339 Aen.
1361 2308 1393 2339 V
1402 2307 1479 2347 536

639 2461 661 2496 6
686 2463 811 2494 habent
837 2464 862 2494 S
890 2463 991 2494 habet
1016 2463 1128 2494 Diam.
1157 2460 1162 2505 Ι
1192 2462 1380 2494 deteriusve
1406 2463 1518 2494 Diom.
1549 2459 1554 2503 Ι
1582 2461 1776 2492 tendentem
1801 2461 1883 2493 Keil
1904 2461 1974 2492 fen·

523 2522 659 2553 dentem
686 2523 712 2553 S
734 2522 934 2563 pendentem
962 2523 1051 2553 codd.
1070 2523 1182 2553 Diam.
1281 2520 1303 2555 8
1329 2522 1459 2553 scillam
1486 2522 1512 2552 S
1604 2519 1650 2553 10
1675 2520 1755 2552 item
1781 2519 1874 2562 apud
1891 2519 1973 2551 Ver-

523 2582 642 2622 gilium
673 2582 787 2612 Diam.
933 2581 975 2614 11
1019 2582 1045 2613 it
1072 2587 1105 2613 et
1130 2592 1192 2623 pur
1216 2581 1288 2612 sine
1314 2586 1400 2612 teres
1426 2581 1691 2622 intempesteque
1717 2579 1849 2621 gauiste
1873 2575 1974 2622 (corr.

524 2640 678 2683 grauiste)
706 2641 732 2672 S
841 2640 886 2673 13
913 2647 954 2681 et,
981 2646 1017 2672 ut
1043 2641 1117 2672 add.
1144 2642 1226 2672 Keil
1248 2651 1263 2672 e
1286 2641 1400 2672 Diam.
1497 2637 1544 2672 14
1570 2639 1732 2680 Virgilius
1758 2639 1785 2669 S
1806 2637 1976 2678 Vergilius

524 2701 635 2730 Diem.
758 2699 800 2732 17
845 2705 879 2732 ut
914 2711 988 2732 cum
1015 2700 1267 2741 dicimus—pro
1294 2699 1546 2741 praepositione
1573 2709 1634 2740 pro
1660 2698 1775 2730 addidi
1798 2708 1838 2728 ex
1861 2697 1974 2729 Diem.

524 2760 568 2799 cs.
598 2759 720 2790 Comin.
749 2770 793 2801 99
902 2758 944 2792 21
973 2760 1124 2801 uirgilius
1151 2766 1185 2790 ut
1212 2760 1238 2790 S
1259 2766 1293 2790 ut
1321 2759 1492 2799 Vergilius
1518 2759 1631 2790 Diam.
1741 2754 1786 2789 22
1811 2756 1929 2788 tratius
1955 2756 1981 2787 S
