2148 3407
444 286 498 326 14

442 416 473 446 p.
502 403 579 444 383.
610 403 676 443 384
704 402 746 434 K.

441 478 648 534 σύμφωνον
685 476 883 533 ἡμίφωνον
916 475 1034 530 ὑγρὸν
1065 474 1135 515 καὶ
1164 474 1438 529 προτάσσεται
1468 476 1700 531 φωνηέντων
1733 473 1772 514 ἐν
1803 474 1896 514 συλ-

439 548 550 606 λαβῇ
580 548 649 588 καὶ
681 547 971 587 ὑποτάσσεται·
1003 546 1288 601 προτάσσεται,
1324 545 1444 586 ὁπότε
1475 542 1647 584 laudem
1669 541 1809 594 legem
1830 545 1899 585 καὶ

439 621 494 660 τὰ
524 618 683 667 τούτοις
715 617 835 674 ὅμοια
864 618 1092 674 γράφομεν·
1136 617 1418 666 ὑποτάσσεται,
1451 618 1502 665 ὡς
1533 617 1581 657 τὸ
1615 612 1742 657 alma.
1807 616 1897 656 ὑπο-

439 692 637 732 τάσσεται
669 689 812 746 ὁμοίως
845 690 1079 745 συμφώνοις,
1113 688 1234 728 ὁπότε
1266 683 1459 727 Clodjum
1489 686 1746 744 ὀνομάζομεν.
1800 686 1898 727 ὅταν

440 763 558 819 μόνον
604 760 786 812 τίθεται,
850 755 1030 798 Lucium
1080 759 1280 815 σημαίνει·
1345 759 1489 814 ὁμοίως
1536 757 1729 815 ἀριθμόν,
1778 757 1900 799 ὁπότε
1949 763 1970 796 5

441 833 691 884 πεντήκοντα
735 831 928 887 σημαίνει.
990 839 1031 868 111
1075 831 1246 886 γράμμα
1287 829 1495 886 σύμφωνον
1535 830 1736 887 ἡμίφωνον
1779 830 1899 885 ὑγρὸν

439 905 509 945 καὶ
548 903 822 959 προτάσσεται
853 903 1085 959 φωνηέντων
1116 902 1186 942 καὶ
1217 902 1501 952 ὑποτάσσεται,
1536 903 1587 949 ὡς
1619 901 1668 941 τό
1794 901 1898 941 ,ὑπο-

439 976 637 1016 τάσσεται
676 974 724 1014 ’δὲ
753 973 823 1014 καὶ
853 974 1097 1029 συμφώνοις,
1141 972 1262 1012 ὁπότε
1381 972 1576 1028 Ἱέγομεν
1612 975 1773 1028 σημεῖον
1804 985 1898 1028 χρη-

441 1049 665 1103 ματισμοῦ,
720 1044 840 1085 ὁπότε
882 1044 1047 1099 Μάρκον
1100 1043 1218 1100 μόνον
1264 1044 1541 1099 γεγραμμένον
1588 1043 1780 1099 σημαίνει.
1870 1050 1899 1080 n

439 1118 609 1174 γράμμα
665 1115 874 1173 σύμφωνον
931 1115 1130 1171 ἡμίφωνον
1189 1115 1308 1170 ὑγρὸν
1364 1115 1433 1155 καὶ
1489 1115 1763 1171 προτάσσεται
1819 1118 1900 1154 τῶν
1927 1116 1971 1151 10

440 1190 672 1246 φωνηέντων
723 1187 793 1227 καὶ
837 1187 1129 1237 ὑποτάσσεται,
1185 1187 1236 1234 ὡς
1287 1186 1336 1226 τό
1520 1185 1678 1242 ,ὁμοίως
1726 1185 1898 1225 ὑποτάσ-

439 1260 636 1301 τάσσεται
680 1258 751 1299 καὶ
795 1261 880 1306 τοῖς
923 1258 1167 1314 συμφώνοις,
1217 1259 1268 1306 ὡς
1310 1257 1359 1297 τὸ
1403 1252 1579 1295 Cnidius
1619 1252 1897 1306 <Cynthius>.

440 1335 602 1387 σημεῖον
622 1333 916 1387 χρηματισμοῦ,
941 1328 1062 1369 ὁπότε
1085 1329 1202 1385 μόνον
1323 1328 1527 1384 σημαίνει·
1552 1328 1696 1384 ὁμοίως
1717 1327 1786 1367 καὶ
1801 1341 1898 1383 συμ-

440 1404 555 1460 φώνῳ
589 1401 911 1457 ὑποτασσόμενον
942 1405 1000 1454 τῷ
1033 1396 1072 1439 G
1105 1399 1260 1451 Γναῖον,
1294 1398 1337 1440 ὃν
1369 1399 1405 1440 οἱ
1435 1400 1601 1441 παλαιοὶ
1633 1399 1702 1456 μὲν
1730 1398 1763 1440 Γ
1764 1398 1898 1448 ναίιον,

440 1478 505 1514 νῦν
535 1473 583 1514 δὲ
613 1473 787 1529 χυδαίως
818 1473 1119 1527 συντομώτερον
1141 1466 1155 1520 ΙΙ
1179 1470 1377 1527 ἀκούομεν
1409 1471 1573 1523 Γναῖον,
1612 1470 1682 1512 καὶ
1712 1469 1781 1511 ἐὰν
1814 1468 1898 1510 ὀνό-
1927 1472 1970 1506 15

442 1558 570 1601 ματος
611 1542 728 1584 ἕνεκα
768 1542 944 1599 τίθεμεν.
1017 1551 1039 1579 1·
1079 1543 1250 1598 γράμμα
1291 1541 1499 1599 σύμφωνον
1539 1542 1738 1599 ἡμίφωνον
1781 1541 1900 1597 ὑγρὸν

441 1616 511 1656 καὶ
540 1616 814 1671 προτάσσεται
844 1614 914 1654 καὶ
935 1614 1219 1664 ὑποτάσσεται,
1253 1615 1305 1662 ὡς
1326 1613 1374 1654 τό
1498 1611 1656 1670 ,ὁμοίως
1678 1614 1900 1670 συμφώνοις

442 1687 726 1737 ὑποτάσσεται,
761 1687 812 1734 ὡς
844 1685 884 1725 ἐν
915 1690 973 1740 τῷ
1096 1692 1128 1723 ‚S
1158 1685 1329 1741 γράμμα
1360 1684 1568 1742 σύμφωνον
1599 1685 1800 1742 ἡμίφωνον
1830 1683 1901 1725 καὶ

441 1758 714 1814 προτάσσεται
756 1758 987 1814 φωνηέντων
1027 1756 1096 1797 καὶ
1137 1757 1354 1813 συμφώνων
1395 1756 1465 1797 καὶ
1507 1756 1779 1797 ὑποτάσσεται
1819 1770 1898 1813 φω-

442 1830 591 1881 νηεσιν,
634 1830 686 1877 ὡς
726 1829 775 1869 τό
900 1837 941 1868 ,Χ
982 1828 1152 1884 γράμμα
1193 1826 1401 1884 σύμφωνον
1433 1827 1632 1884 ἡμίφωνον
1662 1827 1828 1868 διπλοῦν
1859 1825 1900 1866 ἐν
1927 1829 1973 1865 20

443 1902 549 1958 μέσῳ
593 1900 711 1957 μόνον
754 1901 860 1956 μέρει
900 1899 1027 1955 λόγου
1065 1898 1154 1954 παρ’
1184 1899 1275 1954 ἡμῖν
1313 1899 1545 1955 φωνηέντων
1576 1898 1902 1954 προτασσόμενον

562 2086 581 2119 1
609 2097 808 2129 προτασεται
832 2087 877 2118 H
893 2084 897 2128 Ι
920 2087 1069 2128 συλλαβα
1094 2088 1138 2117 Η
1229 2084 1250 2118 2
1276 2086 1410 2117 laudem
1436 2086 1544 2127 legem
1569 2097 1630 2117 om.
1658 2091 1680 2117 S
1774 2083 1796 2116 3
1820 2095 1898 2126 γρα-

444 2158 561 2190 φωμεν
586 2147 625 2178 H
654 2145 658 2188 Ι
689 2148 780 2188 αλμα
806 2146 849 2176 H
875 2157 936 2177 om.
964 2146 990 2177 S
1016 2144 1020 2187 Ι
1050 2144 1273 2178 ὑποτάσσεται
1297 2157 1358 2177 om.
1384 2146 1428 2176 H
1542 2143 1565 2177 4
1604 2144 1761 2177 Clodium
1787 2154 1849 2175 om.
1876 2142 1902 2174 S

443 2218 579 2249 clodum
605 2219 648 2249 H
666 2215 669 2259 Ι
693 2204 884 2262 ονομαῗ)ό)μὲ
908 2218 952 2248 H
1023 2215 1045 2249 5
1069 2216 1200 2258 τιθῆται
1231 2217 1312 2248 Keil
1330 2214 1335 2258 Ι
1358 2216 1499 2247 Lucium
1524 2227 1586 2247 om.
1614 2216 1640 2247 S
1714 2213 1736 2248 6
1761 2225 1794 2245 m
1821 2214 1903 2246 Keil

442 2289 476 2322 M
502 2290 546 2320 H
567 2300 629 2320 om.
657 2289 683 2320 S
753 2287 770 2320 7
798 2299 1043 2322 υποστασσεται
1067 2288 1111 2318 Η
1170 2286 1192 2321 8
1218 2286 1256 2321 δὲ
1281 2298 1342 2318 om.
1368 2288 1411 2318 H
1429 2285 1433 2330 Ι
1455 2297 1668 2331 χηματισμου
1692 2288 1737 2318 Η
1795 2285 1818 2319 9
1850 2262 1900 2320 σέΙ,

444 2359 555 2390 μαισει
580 2345 645 2392 ΗΙ
667 2359 689 2379 n
715 2348 798 2379 Keil
819 2347 851 2382 N
876 2348 920 2379 Η
940 2359 1001 2378 om.
1030 2348 1055 2378 S
1156 2346 1202 2380 10
1227 2350 1398 2389 προστασ-σῑ
1423 2347 1466 2378 H
1565 2345 1610 2379 11
1638 2357 1838 2388 φωνηέντων
1863 2346 1907 2377 Η

444 2419 694 2446 υποστασσετας
718 2408 763 2439 H
854 2405 899 2439 12
926 2418 971 2445 ως
996 2418 1032 2440 το
1059 2408 1199 2445 σνιδιους
1223 2408 1266 2438 H
1278 2417 1339 2438 om.
1359 2406 1385 2438 S
1478 2405 1524 2439 13
1549 2410 1619 2448 σηῇῑ
1643 2409 1735 2450 χηρΙῑ
1755 2406 1781 2438 S
1799 2405 1804 2448 Ι
1827 2415 1902 2439 οπο-

444 2478 580 2510 τεμονον
605 2478 660 2500 τον
686 2467 828 2509 αριθμον
852 2467 896 2498 Η
913 2464 917 2509 Ι
941 2470 1104 2509 σῦφωνοις
1128 2477 1329 2499 υποτασεται
1353 2477 1399 2504 ως
1424 2477 1460 2499 το
1485 2465 1588 2498 Γναιδ
1613 2467 1656 2497 Η
1676 2465 1800 2508 συμφῖς
1824 2475 1902 2498 υπο-

445 2537 649 2569 τασσομενον
674 2528 733 2560 τοῦ
758 2527 790 2558 G
817 2526 843 2557 S
865 2537 951 2558 corr.
979 2527 1061 2557 Keil
1178 2523 1224 2557 16
1256 2525 1419 2567 τιθεμένοι
1445 2525 1519 2556 HS
1541 2536 1629 2557 corr.
1655 2524 1760 2568 Keil}
1783 2535 1798 2556 r
1823 2526 1906 2557 Keil

444 2586 526 2617 PH
546 2597 607 2617 om.
634 2586 660 2617 S
785 2584 829 2618 17
873 2584 918 2624 ὡς
943 2584 979 2618 τό
1005 2597 1066 2617 om.
1094 2585 1120 2616 S
1237 2583 1283 2618 18
1324 2596 1370 2623 ως
1394 2595 1430 2617 το
1456 2595 1490 2618 εν
1517 2595 1552 2617 το
1577 2584 1652 2617 HS
1673 2596 1761 2617 corr.
1787 2585 1869 2616 Keil
1894 2583 1896 2626 ξ

445 2655 460 2676 s
485 2646 567 2676 Keil
589 2645 616 2676 C
641 2645 685 2676 H
705 2656 767 2676 om.
794 2646 820 2676 S
926 2643 972 2677 19
1010 2655 1132 2687 φωνοις
1156 2655 1213 2677 και
1238 2650 1403 2686 σῦφωνοις
1428 2654 1526 2677 οποτε
1551 2654 1773 2677 υποτασσεται
1798 2655 1852 2686 φω
1879 2644 1905 2675 S

446 2715 567 2746 φωνοις
592 2703 649 2737 καὶ
674 2705 839 2746 σῡφωνοις
864 2715 1087 2738 υποτασσεται
1112 2715 1232 2746 φωνοις
1257 2715 1303 2742 ως
1326 2714 1362 2736 το
1380 2704 1422 2734 Η
1434 2714 1521 2735 corr.
1540 2704 1623 2735 Keil
1715 2700 1761 2735 20
1786 2713 1805 2733 x
1824 2702 1906 2734 Keil

448 2762 473 2795 Ξ
501 2763 543 2793 H
563 2774 624 2794 om.
653 2763 678 2793 S
