2164 3471
1616 341 1670 382 33

200 467 233 499 Ρ-
262 464 340 497 393-
369 463 437 496 394
463 456 508 488 K.

200 530 240 571 ἐν
271 535 330 585 τῷ
363 529 580 586 ἀνδριάντι.
625 539 735 578 quae
767 527 923 581 regula
955 528 1089 570 etiam
1122 528 1170 570 in
1190 529 1438 573 nominibus
1460 531 1674 573 secundae
1724 543 1746 573 4

201 597 528 651 declinationis,
567 610 748 650 quorum
782 599 1008 643 ablativus
1040 602 1086 642 et
1119 600 1298 643 dativus
1329 601 1443 643 idem
1477 606 1565 653 est,
1598 602 1671 644 ob—

199 672 406 715 servatur
449 672 494 712 et
536 669 583 711 in
623 670 870 713 nominibus
912 671 1075 714 tertiae
1117 672 1444 727 declinationis,
1492 685 1671 726 quorum

199 742 306 785 item
338 741 565 784 ablativus
599 745 644 784 et
676 742 852 785 dativus
884 742 999 785 idem
1033 746 1123 797 est,
1155 743 1297 787 veluti
1330 745 1386 786 ab
1419 745 1503 786 hac
1533 745 1673 787 securi

152 827 173 862 5
199 814 281 865 <ab
319 814 426 865 hoc>
458 813 596 856 suavi.
658 815 859 868 secundo,
892 826 987 857 cum
1021 814 1209 858 ablativi
1241 815 1436 869 copulati
1465 817 1670 870 genetivo
1723 828 1742 859 5

200 886 553 940 interpretantur
599 898 780 940 graeco,
828 886 969 929 veluti
1013 887 1212 929 ‘ducente
1259 887 1341 930 dea
1387 887 1560 941 elapsus
1604 892 1671 930 est

199 959 374 1001 Aeneas
418 961 644 1017 ἡγουμένης
691 966 765 1014 τῆς
807 961 904 1003 θεοῦ
947 961 1166 1012 &gewis-ew
1208 961 1390 1014 Αἰνείας,
1439 959 1669 1001 incusante

201 1029 407 1073 Cicerone
460 1028 605 1071 victus
657 1033 778 1080 <est>
825 1030 1018 1072 Catilina
1069 1038 1397 1090 κατηγοροῦντος
1443 1035 1671 1091 Κικέρωνος

199 1104 363 1158 ἡττήθη
395 1104 645 1156 Κατιλίνας,
689 1102 894 1144 studente
927 1101 1163 1144 Sacerdote
1205 1101 1457 1145 differentia
1487 1102 1671 1145 inventa

130 1185 175 1220 10
200 1176 269 1217 esf,
320 1177 621 1228 σπουδάζοντος
667 1176 934 1233 Σακέρδωτος
986 1178 1011 1229 ἡ
1058 1177 1235 1234 διαφορὰ
1281 1177 1457 1234 ηὑρέθηῖ
1534 1173 1670 1216 tertio
1723 1185 1743 1218 6

199 1247 346 1301 modo,
395 1257 493 1288 cum
540 1245 655 1288 hanc
694 1245 880 1298 figuram
922 1257 1127 1299 graecam
1170 1248 1300 1290 ἐλπίδι
1340 1253 1413 1290 τοῦ
1455 1248 1669 1301 δύνασθαι,

199 1323 426 1379 προαιρέσει
470 1325 544 1362 τοῦ
590 1321 823 1379 λῃστεύειν,
878 1321 1058 1377 σχήματι
1102 1325 1176 1361 τοῦ
1224 1320 1487 1378 ἐπιβουλεύειν
1532 1316 1671 1359 latine

201 1389 437 1434 dixerimus
457 1392 545 1442 ‘spe
565 1400 704 1443 posse,
736 1388 968 1432 voluntate
990 1388 1296 1443 latrocinandi,
1328 1388 1506 1431 consilio
1531 1388 1544 1442 ΙΙ
1566 1388 1670 1431 insi-

201 1462 371 1506 diandi'.
435 1463 594 1513 quarto
633 1461 782 1504 1110110>ἱ<
826 1460 967 1504 veluti
997 1461 1044 1502 in
1085 1460 1185 1502 illo*
1228 1460 1407 1502 dicimus
1450 1459 1566 1502 enim
1607 1460 1669 1502 sic
1722 1471 1739 1504 7

131 1545 173 1578 15
198 1534 328 1578 ‘nullo
369 1533 527 1576 timore
568 1532 758 1575 hostium
802 1538 950 1575 castra
985 1532 1168 1586 irrupit,
1210 1531 1334 1574 nulla
1364 1544 1440 1585 spe
1471 1544 1550 1585 per
1580 1532 1670 1574 vim

199 1605 402 1660 potiundi
431 1605 551 1648 vallo
583 1604 786 1657 fossaque
818 1604 989 1647 moenia
1022 1604 1285 1658 circumdat,
1316 1603 1448 1646 nullis
1481 1603 1668 1646 custodi-

198 1679 280 1722 bus
321 1676 562 1731 palladium
605 1679 802 1730 ereptum
847 1678 935 1730 est,
977 1675 1109 1718 nullis
1145 1675 1316 1718 insidiis
1347 1675 1493 1729 palam
1527 1674 1670 1719 victus

199 1754 270 1795 est
299 1749 462 1794 hostis.³
513 1748 674 1801 ubique
697 1748 810 1790 enim
834 1747 979 1790 deficit
1000 1747 1166 1789 latinus
1187 1759 1338 1800 sermo,
1370 1747 1538 1790 scilicet
1559 1736 1669 1800 ideo,
1720 1757 1741 1791 8

200 1822 405 1876 quoniam
452 1822 535 1864 duo
584 1820 775 1864 ablativi
820 1819 1062 1862 nominales
1109 1822 1211 1861 sunt
1254 1818 1468 1872 copulati3
1518 1817 1671 1871 quodsi

127 1902 174 1938 20
199 1907 313 1938 unus
343 1892 638 1948 participialis
669 1892 750 1946 sit,
787 1904 873 1934 non
906 1890 1053 1934 deficit
1082 1890 1248 1933 latinus
1280 1903 1440 1945 sermo,
1473 1891 1550 1933 sed
1579 1889 1668 1943 ple-

199 1979 282 2010 nus
324 1969 415 2020 est,
457 1968 508 2007 ut
549 1976 683 2018 supra
723 1965 920 2006 ‘ducente
962 1963 1046 2005 dea
1078 1963 1251 2016 elapsus
1283 1965 1413 2012 <est>’
1445 1964 1489 2004 et
1523 1964 1671 2004 cetera

201 2051 314 2092 quae
343 2038 390 2081 in
422 2037 609 2079 secundo
642 2036 766 2078 modo
799 2034 1086 2088 exposuimus.

320 2181 341 2216 2
369 2192 514 2224 quorum
541 2181 641 2212 etiam
667 2181 712 2211 H
817 2178 838 2211 3
865 2179 1103 2210 declinationis
1129 2190 1190 2209 om.
1218 2180 1244 2209 S
1350 2176 1371 2210 5
1397 2177 1441 2209 ab
1467 2178 1531 2207 hoc
1557 2177 1673 2208 addidi

199 2255 240 2276 ex
263 2244 349 2276 Exc.
373 2241 378 2284 Ι
400 2242 502 2273 abl‘ts
528 2242 555 2273 S
722 2238 744 2272 6
776 2250 874 2280 grece
901 2250 929 2270 ω
956 2249 1077 2279 graeco
1103 2239 1190 2270 Exc.
1355 2237 1372 2269 7
1406 2234 1671 2279 ἦγεμονευούσης

198 2304 285 2336 Exc.
311 2303 427 2334 Diam.
448 2302 534 2341 318,
564 2302 588 2332 8
724 2297 746 2332 8
784 2299 892 2330 uictus
919 2298 1069 2329 Catilina
1094 2299 1194 2329 HM
1213 2297 1363 2329 Catilina
1389 2297 1498 2328 uictus
1524 2297 1551 2328 S
1581 2295 1585 2338 Ι
1620 2300 1670 2327 est

199 2363 276 2396 add.
301 2363 386 2395 Keil
477 2359 523 2393 11
549 2361 637 2391 113110
663 2360 762 2391 HM
781 2359 835 2390 hic
859 2359 885 2390 S
978 2356 1024 2390 12
1050 2358 1157 2389 latine
1183 2358 1365 2388 dixerimus
1384 2361 1461 2399 post
1484 2355 1669 2387 insidiandi

199 2424 298 2455 HM
318 2423 402 2454 idem
427 2422 507 2453 ordo
533 2421 593 2462 qui
616 2421 652 2451 in
678 2420 704 2450 S
725 2420 762 2450 in
786 2419 873 2450 Exc.
900 2423 1007 2450 exstat
1133 2415 1180 2450 14
1222 2417 1326 2448 modo
1352 2428 1416 2448 om.
1443 2417 1469 2447 S
1487 2415 1492 2457 Ι
1516 2416 1610 2446 uelut
1635 2416 1669 2446 in

198 2484 261 2515 illo
287 2483 336 2515 M
354 2492 438 2524 quae
462 2481 644 2513 exciderint
668 2484 807 2520 apparet
830 2489 870 2510 ex
895 2479 979 2510 Exc.
1002 2486 1087 2517 534,
1110 2487 1182 2519 39:
1208 2472 1351 2519 ‘quarta
1378 2487 1453 2508 cum
1478 2481 1519 2507 ut
1541 2477 1670 2518 Asprus

200 2544 324 2580 retulit,
351 2542 495 2574 latinum
521 2541 686 2582 eloquium
713 2540 748 2570 in
773 2539 916 2580 quodam
941 2538 1038 2569 verbo
1064 2538 1180 2580 deficit,
1207 2538 1299 2569 velut
1321 2538 1357 2567 in
1374 2537 1441 2574 illo,
1471 2532 1590 2568 ὄντων
1608 2531 1668 2566 οὔ·

201 2611 268 2646 σης
300 2599 418 2635 ὄντων
453 2593 584 2632 οὐσῶν’
619 2601 663 2641 cf.
696 2599 810 2630 Diom.
832 2599 924 2637 318,
954 2606 999 2637 17
1025 2597 1124 2638 Jeep,
1159 2598 1253 2628 Mus.
1279 2597 1371 2627 rhen.
1398 2595 1525 2627 XLIV
1540 2594 1669 2636 (1889)

194 2673 323 2705 Josqq.
350 2662 388 2693 dc
411 2663 520 2703 Aspre
545 2661 589 2701 cs.
619 2659 744 2691 Comin.
773 2658 842 2697 163
945 2656 991 2690 15
1017 2658 1051 2688 in
1079 2662 1187 2688 castra
1212 2658 1256 2688 H
1347 2654 1393 2689 19
1421 2661 1453 2686 et
1479 2654 1668 2686 nominales

199 2723 302 2754 HM
399 2719 446 2754 20
470 2730 556 2751 unus
583 2729 699 2751 eorum
723 2719 809 2750 Exc.
837 2717 1046 2760 participalis
1071 2718 1171 2748 HM
1267 2715 1312 2749 21
1339 2720 1375 2747 ut
1400 2725 1500 2756 supra
1525 2714 1667 2745 relatum

201 2787 250 2814 est
273 2783 360 2814 Exc.
393 2781 537 2812 ducente
570 2780 654 2811 deea
679 2779 766 2822 elas).
795 2783 826 2809 et
852 2783 914 2810 cet.
943 2778 969 2809 S
991 2782 1022 2808 et
1048 2777 1180 2818 reliqua
1207 2786 1293 2817 quae
1317 2776 1362 2807 H
1369 2776 1418 2807 M
1437 2775 1579 2806 ducente
1605 2773 1667 2804 dea

201 2842 336 2884 elapsus
362 2845 412 2872 est
437 2841 569 2872 Aeneas
596 2844 628 2871 et
653 2843 763 2871 cetera
788 2838 874 2870 Exc.
975 2835 1020 2869 22
1046 2837 1082 2868 in
1109 2848 1169 2868 om.
1198 2837 1225 2868 S
1245 2836 1331 2868 Exc.

271 2910 479 2944 Tolkiehn,
501 2908 672 2937 Dositheus.
1432 2892 1452 2926 3
