2148 3407
497 299 553 339 94

503 428 534 458 p.
562 415 641 454 428.
669 424 736 455 429
765 416 808 447 K.

498 486 591 539 ipse
625 498 652 527 a
686 484 928 527 defectione
959 483 1184 541 vinfleatun
1216 486 1422 535 <deinde>
1455 485 1571 529 vires
1597 489 1802 528 resumat.
1852 486 1960 528 mul-

442 570 448 577 ·
501 560 575 599 tae
606 560 752 598 autem
785 568 941 598 causae
972 556 1138 599 mediae
1169 556 1296 598 huius
1326 556 1546 599 lectionis:
1578 557 1765 610 primum
1786 569 1841 599 ne
1863 568 1960 600 con-

502 627 742 669 fundantur
786 639 898 679 quae
938 627 1079 669 dicola
1120 626 1192 670 vel
1232 627 1389 670 tricola
1431 631 1671 680 ponuntur3
1720 628 1875 670 deinde
1911 631 1963 670 ut

502 702 625 740 actus
666 698 896 741 verborum
938 698 1128 740 emineat
1170 701 1215 740 et
1255 697 1423 751 luceat,
1466 698 1541 750 qui
1573 711 1627 741 ex
1659 698 1805 750 aliquo
1838 698 1962 741 venit

501 769 662 812 affeetu
694 768 765 811 vel
795 769 1096 822 indignatione
1127 781 1203 811 seu
1234 769 1512 811 miseratione
1544 770 1719 812 conlata
1741 772 1821 812 aut
1842 760 1962 812 cei-te
2010 781 2031 815 5

501 841 686 893 quadam
719 841 938 883 artatione
971 840 1178 883 sermonis
1210 852 1320 892 quae
1353 839 1578 882 emfaticos
1610 853 1636 882 a
1667 841 1808 893 poetis
1835 844 1959 890 <con-

500 916 747 965 geruntur>.
810 911 945 963 siquis
987 911 1137 963 itaque
1177 911 1270 953 sine
1301 911 1443 953 media
1473 911 1653 964 spiritus
1684 911 1961 964 suspensione

501 982 853 1035 pronuntiaverit

621 1057 700 1095 aut
730 1053 805 1096 hoc
836 1052 1000 1095 inclusi
1031 1052 1079 1094 in
1115 1052 1231 1107 liquo
1265 1053 1541 1094 occultantur
1570 1052 1729 1094 Achivi

622 1128 702 1166 aut
731 1124 834 1167 haee
864 1124 915 1166 m
946 1127 1113 1166 nostros
1143 1123 1364 1178 fabricata
1397 1127 1457 1166 est
1486 1123 1693 1166 machina
1723 1137 1872 1166 muros
1988 1135 2031 1170 10

622 1195 877 1249 inspectura
909 1196 1051 1237 domos
1081 1198 1355 1248 venturaque
1387 1195 1571 1248 desuper
1602 1194 1704 1236 urbi

621 1271 701 1309 aut
731 1267 894 1320 aliquis
927 1267 1030 1308 latet
1062 1280 1184 1308 error
1215 1266 1315 1319 eqm'
1345 1279 1401 1308 ‘ne
1434 1265 1592 1308 credite
1629 1265 1801 1318 Teucri,

503 1338 782 1381 confunditur
813 1339 928 1381 ratio
961 1338 1281 1391 compositionis
1311 1337 1507 1392 generali
1537 1337 1708 1380 nomine
1738 1337 1848 1391 ligni
1874 1349 1962 1379 ma-

505 1409 658 1452 chinae
690 1410 798 1462 equi.
862 1414 907 1452 et

1371 1479 1610 1532 lacteamque
1641 1479 1845 1534 demadem,
1991 1491 2034 1525 15

625 1565 706 1604 quo
732 1551 865 1605 perii„
897 1565 1028 1605 super
1059 1550 1302 1604 imponam;

503 1623 584 1665 hoc
625 1623 737 1666 enim
779 1623 919 1665 voluit
949 1623 1147 1676 intellegi
1178 1622 1289 1664 Dido
1326 1634 1413 1665 non
1450 1634 1542 1665 esse
1573 1621 1732 1664 lectum
1763 1621 1964 1675 iugalem,

505 1706 586 1746 quo
618 1695 810 1747 perierit.
861 1694 1174 1736 immorandum
1207 1697 1274 1736 est
1296 1706 1398 1748 ergo
1432 1696 1476 1736 et
1496 1693 1797 1746 respirandum
1817 1696 1965 1746 <post>

499 1765 714 1816 ‘iugalem’
756 1769 802 1808 et
843 1766 905 1808 sic
947 1765 1217 1808 inferendum
1261 1777 1355 1806 cnm
1398 1769 1638 1824 ὑποκρίσεως
1679 1764 1842 1806 affectu
1870 1767 1965 1816 ‘quo

504 1837 638 1890 perii’.
691 1837 959 1890 distinguere
992 1841 1137 1879 autem
1169 1839 1341 1889 oportet
1373 1840 1478 1878 ante
1509 1835 1827 1889 similitudines,
1859 1847 1966 1887 quas
1991 1845 2036 1880 20

506 1907 663 1950 Graeci
695 1908 928 1961 parabolas
961 1911 1132 1962 vocant,
1165 1911 1209 1950 et
1242 1912 1345 1950 ante
1365 1906 1561 1949 redditas
1584 1909 1887 1960 ἀνταποδόσεις,
1921 1910 1966 1947 et

504 1979 714 2031 siquando
756 1984 809 2029 <a
839 1984 1048 2032 persona>
1091 1980 1145 2021 ad
1187 1990 1416 2031 personam
1448 1977 1660 2020 transitus
1694 1977 1780 2020 erit
1810 1977 1966 2030 factuS‚

624 2169 646 2202 9
680 2170 769 2213 Verg.
797 2173 877 2201 Am.
905 2171 947 2201 ll
966 2180 1014 2209 45
1112 2168 1156 2202 15
1190 2171 1279 2212 l'erg.
1307 2171 1387 2201 Aen.
1414 2169 1472 2200 IV
1490 2168 1562 2211 496

624 2359 643 2393 1
672 2361 794 2392 deinde
821 2360 896 2391 add.
915 2360 996 2391 Keil
1089 2358 1110 2391 2
1137 2359 1226 2390 enim
1253 2369 1375 2390 causae
1402 2362 1478 2389 sunt
1503 2358 1615 2389 Diam.
1639 2355 1644 2399 Ι
1667 2356 1964 2399 confundaturque

506 2420 626 2451 tricola
653 2421 707 2460 uei
732 2420 874 2451 tricoma
893 2420 918 2450 S
940 2419 1191 2449 confundantur
1217 2428 1302 2459 quae
1321 2417 1434 2448 dicola
1452 2422 1482 2448 et
1500 2417 1624 2448 tricola
1641 2417 1754 2448 Diom.
1831 2413 1854 2448 4
1871 2421 1965 2448 aetus

506 2481 619 2511 Diom.
648 2484 755 2510 tactus
782 2480 831 2521 Si
854 2479 942 2510 alico
971 2479 996 2509 S
1098 2477 1120 2510 6
1146 2478 1314 2509 artatione
1340 2478 1452 2508 Diem.
1481 2477 1639 2518 captione
1667 2473 1715 2518 S}
1738 2475 1966 2508 eacenfatieos

507 2540 533 2570 S
554 2550 641 2570 corr.
669 2540 750 2570 Keil
774 2533 967 2581 ἓμφατικῶς
992 2538 1104 2568 Diam.
1128 2535 1132 2579 Ι
1155 2543 1382 2577 congeruntur
1407 2537 1524 2568 addidi
1539 2546 1554 2567 e
1571 2536 1684 2567 Diom.
1785 2533 1803 2566 7
1830 2544 1968 2576 suspen-

507 2599 556 2629 sio
584 2599 609 2629 S
630 2599 849 2639 suspensione
876 2599 987 2629 Diam.
1111 2594 1156 2629 12
1198 2594 1252 2638 ne]
1280 2606 1341 2627 nec
1368 2596 1394 2627 S
1516 2594 1561 2628 13
1603 2594 1828 2626 confundetur
1852 2594 1966 2625 Diom.

508 2658 590 2697 ligni
634 2663 733 2698 atque
775 2657 948 2688 machinae
986 2658 1098 2687 Diem.
1244 2654 1289 2688 18
1332 2660 1407 2696 post
1444 2656 1480 2686 in
1517 2655 1630 2686 Diom.
1673 2655 1748 2686 add.
1788 2653 1968 2685 Caesarius

508 2714 550 2748 21
580 2718 797 2754 ανταποδοσις
817 2718 841 2746 S
864 2716 1085 2757 antapodosis
1103 2716 1215 2746 Diam.
1313 2713 1358 2747 22
1384 2725 1404 2745 a
1431 2724 1576 2756 persona
1601 2724 1616 2745 e
1632 2714 1745 2745 Diom.
1769 2713 1845 2744 add.
1863 2709 1965 2752 R'eili

510 2776 669 2806 transitus
695 2777 807 2806 Diem.
836 2776 954 2806 transit
982 2776 1006 2805 S
