2148 3407
480 302 533 344 86

482 432 514 462 p.
541 429 620 458 424.
649 429 691 457 42
698 427 714 460 5
745 421 788 450 K.

481 494 629 543 partes
662 489 871 531 orationis
899 489 1093 543 singulas
1115 489 1317 542 pluresve
1339 489 1591 543 subponere,
1624 492 1672 530 ut
1694 487 1830 541 nefas,
1862 499 1940 540 pro

479 560 615 603 nefas.
677 565 880 603 accentus
911 561 956 602 in
988 559 1364 602 interiectionibus
1396 560 1506 602 certi
1528 572 1620 602 esse
1640 571 1726 601 non
1747 561 1939 612 possunt,

480 637 529 674 ut
560 631 652 674 fere
682 631 728 674 in
760 631 858 674 aliis
890 631 1079 686 vocibus,
1112 643 1220 684 quas
1250 630 1494 673 inconditas
1524 630 1783 674 invenimus,

597 773 736 815 LXII.
799 773 932 816 Venit
973 773 1079 815 mihi
1120 773 1168 815 in
1208 776 1396 815 mentem
1427 771 1556 814 huius
1586 772 1673 826 rei,
1706 773 1842 825 pudet
1872 784 1940 815 me

479 844 656 897 amoris,
708 844 831 898 piget
877 856 944 886 me
991 843 1294 897 profectionis,
1341 844 1491 886 taedet
1537 856 1604 886 me
1650 843 1938 897 meretricum,
1989 858 2010 891 5

478 916 654 958 miseret
694 928 762 958 me
803 915 939 969 senis,
982 915 1167 958 interest
1209 927 1306 957 mea
1342 915 1451 956 haec
1483 927 1574 968 res,
1615 914 1802 957 interest
1832 926 1940 967 mea,

478 986 616 1029 refert
646 999 753 1041 mea,
786 987 971 1029 interest
1003 986 1093 1029 eius
1127 990 1171 1028 et
1202 986 1341 1028 refert
1372 985 1500 1038 illius,
1531 985 1716 1028 interest
1737 989 1782 1027 et
1802 984 1941 1027 refert

476 1064 626 1100 nostra
663 1062 814 1102 vestra
844 1058 1038 1110 illorum;
1084 1070 1189 1111 egeo
1220 1057 1364 1100 victus
1396 1060 1441 1099 et
1471 1056 1610 1110 victu,
1642 1056 1814 1108 patiens
1846 1067 1939 1098 sum

477 1129 649 1179 laboris,
682 1129 803 1172 doleo
836 1130 973 1172 vicem
1008 1128 1073 1171 tui
1106 1132 1149 1171 et
1182 1132 1324 1181 tuam,
1357 1127 1509 1170 similis
1541 1139 1634 1169 sum
1665 1127 1744 1180 tui,
1777 1126 1938 1169 discru-

478 1200 567 1242 cior
608 1200 740 1242 animi
782 1204 827 1242 et
858 1200 999 1242 animo
1033 1206 1077 1242 et
1109 1201 1318 1252 animum,
1361 1211 1512 1241 amans
1543 1198 1648 1252 mei,
1690 1201 1939 1250 pertaesum
1967 1212 2010 1246 10

479 1275 544 1314 est
588 1272 693 1313 mihi
730 1272 939 1326 iniuriae,
982 1271 1136 1324 plenus
1173 1283 1266 1313 sum
1297 1270 1503 1312 bonorum
1536 1271 1582 1311 et
1613 1269 1757 1323 bonis,
1799 1268 1942 1322 potior

477 1343 604 1385 huius
646 1343 711 1385 rei
752 1346 797 1385 et
838 1344 920 1385 hac
961 1355 1029 1397 re,
1072 1342 1167 1386 veri
1208 1341 1368 1395 simile,
1409 1341 1590 1393 impleor
1627 1340 1720 1383 vini
1751 1343 1796 1382 et
1828 1340 1941 1390 vino,

479 1414 711 1457 obliviscor
742 1414 809 1456 tui
841 1418 885 1456 et
917 1417 973 1456 te.

597 1556 762 1599 LXIII.
814 1556 954 1599 Noceo
987 1555 1170 1609 inimico,
1203 1555 1468 1597 incommodo
1501 1553 1676 1607 viatori,
1709 1553 1851 1596 officio
1873 1553 1939 1595 in-

479 1627 691 1682 sidiatori,
723 1629 896 1670 medeor
927 1626 1157 1680 languenti
1189 1626 1287 1681 (hoc
1318 1626 1499 1668 verbum
1521 1624 1741 1678 <perfecto
1765 1624 1943 1679 caret>),
1971 1637 2014 1672 15

481 1699 682 1741 blandior
713 1699 850 1753 patri,
883 1699 1066 1741 ancillor
1096 1698 1317 1752 magistro,
1350 1696 1502 1739 adulor
1533 1696 1716 1750 mulieri,
1747 1695 1941 1738 conscius

480 1782 572 1812 sum
614 1770 745 1825 facti,
787 1770 1041 1824 patrocinor
1071 1769 1266 1823 patriae,
1309 1768 1528 1812 convicior
1560 1767 1759 1821 debitori,
1786 1769 1802 1822 11
1824 1767 1939 1810 vitio

481 1841 569 1883 furi
603 1842 720 1896 duco,
752 1842 953 1894 inprecor
990 1841 1126 1894 hosti,
1159 1839 1356 1882 ausculto
1388 1839 1576 1893 suasori,
1620 1838 1813 1892 supplico
1843 1838 1938 1891 tibi,

480 1913 676 1955 moderor
707 1913 929 1966 militibus,
962 1913 1165 1966 obstrepo
1199 1911 1371 1966 dicenti,
1403 1911 1556 1965 palpor
1588 1913 1633 1953 et
1663 1910 1792 1964 palpo
1819 1921 1939 1964 equo,

599 2081 860 2112 LXII—LXVI.
916 2081 1014 2111 Char.
1043 2090 1121 2120 293,
1150 2078 1299 2120 (δ’-296,
1329 2079 1376 2110 18
1444 2079 1557 2109 Diam.
1578 2087 1663 2116 311,
1694 2077 1890 2116 16—520,
1919 2087 1941 2118 9

480 2141 517 2172 dc
541 2141 750 2172 idiomatibus
777 2140 834 2171 Gr.
863 2140 919 2170 Καί.
949 2139 1102 2178 [VJ-66,
1133 2147 1282 2178 1—572,
1312 2148 1357 2169 lo
1381 2138 1427 2169 K.
1454 2139 1497 2179 cf.
1528 2137 1651 2169 Comin.
1681 2145 1870 2176 112—125

599 2305 621 2338 3
640 2312 716 2348 post
739 2306 928 2337 invenimus
954 2305 1164 2336 EXPLICIT
1191 2305 1216 2335 S
1238 2305 1327 2345 quod
1348 2305 1442 2335 haud
1461 2305 1525 2335 scio
1549 2314 1594 2334 an
1611 2304 1658 2334 ad
1672 2304 1792 2345 apicem
1811 2303 1941 2335 Donati

482 2367 689 2407 referendum
713 2367 758 2397 sit
876 2363 898 2397 6
930 2365 1067 2395 interest
1092 2374 1145 2394 me
1171 2363 1255 2394 haec
1282 2373 1332 2393 res
1357 2364 1404 2394 M
1412 2364 1438 2393 S
1459 2374 1545 2394 corr.
1573 2363 1655 2394 Keil
1773 2361 1790 2394 7
1818 2361 1939 2393 referet

482 2436 555 2457 mea
580 2426 671 2467 quod
691 2426 726 2456 in
751 2426 797 2456 M
807 2425 832 2455 S
847 2429 923 2466 post
947 2424 1014 2454 veri
1042 2423 1151 2454 simile
1177 2423 1304 2463 legilur,
1331 2423 1394 2453 huc
1419 2423 1580 2453 transtuli
1674 2420 1696 2454 8
1722 2432 1806 2463 egeo
1833 2422 1940 2453 victus

483 2490 515 2516 et
540 2485 629 2516 victu
645 2486 740 2526 falso
765 2486 827 2515 huc
852 2484 995 2514 delatum
1099 2480 1121 2514 9
1147 2481 1330 2513 discrucior
1358 2482 1437 2512 lx'cil
1459 2482 1619 2512 discutior
1646 2482 1726 2513 MS
1819 2479 1862 2513 11
1889 2481 1938 2512 in-

484 2545 568 2575 iuria
600 2545 681 2575 MS
715 2555 800 2575 corr.
837 2543 918 2574 Keil
948 2539 952 2584 1
988 2542 1124 2583 plenus,
1164 2541 1295 2582 potior,
1334 2541 1478 2582 impleor
1501 2541 1598 2582 falso
1630 2541 1694 2572 huc
1724 2541 1832 2572 delata
1863 2546 1942 2571 sun!

482 2602 527 2635 15
553 2603 702 2643 langenti
722 2604 747 2634 S
765 2601 770 2645 1
793 2604 856 2633 hoc
883 2602 1164 2632 verbum—earet
1189 2611 1250 2631 om.
1270 2601 1317 2631 M
1329 2600 1477 2641 perfecto
1496 2604 1587 2631 caret
1603 2600 1679 2631 add.
1699 2600 1808 2631 K'eile
1824 2599 1937 2630 Diam.

483 2661 528 2695 16
561 2663 713 2694 conscius
739 2673 811 2693 sum
837 2661 916 2692 facti
933 2662 1028 2702 falso
1052 2661 1116 2691 huc
1141 2661 1282 2691 delatum
1308 2660 1397 2690 facto
1424 2660 1505 2691 MS
1526 2659 1680 2691 conscius
1705 2655 1841 2702 <mihi>
1865 2668 1938 2689 sum

483 2722 561 2753 faeti
580 2723 661 2753 lx'eil
754 2720 796 2753 17
825 2721 943 2752 uitium
962 2720 1008 2751 M
1017 2720 1042 2750 S
1055 2730 1141 2750 corr.
1161 2719 1243 2750 Keil
1336 2716 1381 2751 18
1401 2719 1565 2760 imprecor
1583 2719 1630 2750 M
1719 2715 1766 2751 19
1783 2716 1939 2748 moderor

484 2781 647 2812 militibus
672 2793 734 2812 om.
762 2782 808 2812 Α]
828 2780 964 2811 medeor
990 2780 1015 2810 S
1037 2790 1122 2810 [017¹.
1151 2779 1232 2809 lx'cil
