2148 3407
470 283 588 312 XVIII

590 387 674 430 Sed
706 398 799 428 cum
832 384 969 439 magis
1001 396 1024 426 e
1056 383 1286 426 verborum
1317 394 1569 435 graecorum
1603 381 1774 424 delectu
1796 393 1924 434 quam

473 471 495 501 e
526 459 655 500 rebus
687 455 982 510 grammaticis
1014 454 1267 497 Dositheum
1299 456 1447 496 aetate
1478 452 1762 506 posteriorem
1792 452 1927 494 fuisse

473 540 798 583 cognoscamus,
841 525 1054 570 vocabula
1096 537 1207 577 quae
1249 525 1362 577 apud
1403 537 1499 566 eum
1543 528 1721 567 exstant
1756 523 1928 566 iuniora

472 600 542 644 vel
579 599 758 642 insolita
789 598 931 640 indice
962 596 1207 649 complexus
1238 596 1282 637 in
1314 595 1398 638 fine
1430 594 1623 648 opusculi
1656 594 1814 637 addidi.
1875 593 1927 636 In

474 671 629 724 quibus
670 669 946 723 reperiuntur
984 668 1196 720 quaedam
1228 679 1343 710 nova
1375 670 1508 719 atque
1538 667 1760 719 inaudita,
1804 664 1929 708 velut

473 746 777 801 συνδρωπακίζω
800 739 1016 782 LXXVII
1039 740 1075 792 5,
1107 738 1152 780 in
1186 750 1268 790 quo
1300 738 1434 781 verbo
1466 749 1695 790 perperam
1721 737 1928 779 mutando

474 813 560 855 viri
591 812 707 855 docti
738 811 905 854 frustra
937 811 1270 853 desudaverunt.
1344 808 1456 850 Nam
1488 821 1583 851 cum
1615 808 1671 851 Gl
1701 808 1739 850 L
1770 807 1817 850 II
1845 808 1929 849 218

473 883 764 926 inveniamus:
805 886 1050 942 *δρωπακίζω
1093 880 1211 934 pilo’,
1258 892 1330 933 ea,
1373 891 1484 931 quae
1524 879 1599 922 illo
1631 879 1722 922 loco
1755 881 1931 922 exstant

473 958 788 1014 τσυνῧριυπαγῴζο)
823 952 1014 1007 compilo³
1043 955 1163 995 recte
1194 964 1240 994 se
1261 952 1421 993 habere
1442 963 1528 993 non
1550 954 1628 1004 est,
1661 951 1774 1003 quod
1794 949 1932 992 fusius

477 1025 750 1078 explicemus.

595 1097 717 1139 Haec
758 1096 912 1149 habui,
957 1108 1068 1147 quae
1104 1095 1150 1137 in
1181 1094 1432 1148 praesentia
1464 1094 1516 1136 de
1547 1105 1703 1147 graeco
1734 1091 1935 1135 Dosithei

477 1180 673 1210 sermone
705 1168 749 1209 in
781 1167 967 1209 medium
1000 1166 1253 1219 proferrem.

596 1239 768 1293 Restat,
800 1242 849 1280 ut
880 1238 1050 1291 gratias
1082 1250 1210 1291 agam
1244 1250 1371 1289 quam
1403 1236 1611 1289 plurimas
1634 1235 1785 1278 Ottom'
1806 1234 1934 1277 Ross-

477 1311 611 1364 bach,
654 1311 766 1362 quod
807 1322 875 1352 1116
905 1309 950 1351 in
982 1309 1063 1351 hac
1096 1308 1285 1351 editione
1316 1309 1513 1360 paranda
1545 1307 1721 1350 consilio
1755 1305 1937 1360 adiuvit,

479 1385 524 1424 61
556 1381 705 1424 Curtio
737 1381 899 1433 W01dt‚
945 1381 1055 1433 quod
1097 1380 1141 1422 in
1178 1379 1367 1433 plagulis
1400 1378 1667 1433 corrigendis
1699 1377 1859 1421 socium
1891 1389 1939 1421 se

479 1453 585 1495 mihi
615 1452 819 1506 praebuit
850 1451 1201 1505 impigerrimum.

599 1560 700 1602 Dat.
733 1558 997 1613 Regimontii
1028 1571 1173 1600 mense
1204 1557 1446 1600 Februario
1479 1557 1583 1600 anni
1613 1556 1867 1600 MCMXIII.
