2164 3471
1592 335 1681 363 XIII

208 464 248 504 p.
272 450 358 492 356
390 460 480 500 sqq.
513 449 606 489 tam
639 445 874 499 diligenter
906 443 1178 497 explanavit,
1210 446 1262 485 ut
1291 443 1337 485 in
1365 441 1604 485 Harleiano
1638 444 1680 483 et

208 519 460 565 Monacensi
491 517 724 571 pristinum
756 516 850 559 fere
881 515 1074 558 ordinem
1106 514 1278 558 servari
1306 526 1383 567 pro
1407 516 1525 556 certo
1547 513 1680 555 habe-

210 604 343 636 amus.
394 591 462 633 De
492 592 679 642 utroque
709 591 855 631 autem
878 586 1024 629 codice
1045 589 1227 640 possunt
1249 585 1346 640 dici,
1379 597 1491 638 quae
1512 583 1682 627 Keilius

210 662 347 718 praef.
379 675 419 716 p.
443 662 528 703 366
562 673 624 713 sq.
667 661 720 703 de
751 658 1025 712 Monacensi,
1068 670 1194 710 quem
1226 657 1364 700 solum
1395 659 1602 709 noverat,
1637 655 1683 697 in

211 735 397 778 medium
418 732 624 787 protulit:
667 732 742 774 ‹In
764 729 989 784 singulis»,
1022 729 1177 783 inquit,
1211 728 1409 783 «paginis
1430 728 1683 781 plerumque

212 809 445 861 quattuor,
498 816 599 846 raro
652 803 799 857 plures
843 802 916 846 vel
959 801 1187 854 pauciores
1228 799 1434 843 laterculi
1477 810 1682 842 versuum

211 878 461 921 vicenorum
493 878 539 918 et
571 878 883 928 quaternorum
901 873 934 928 1)
967 873 1034 915 ita
1066 872 1220 925 scripti
1251 875 1374 926 sunt,
1418 874 1468 914 ut
1498 870 1683 924 primum

211 961 385 1005 graeca,
417 946 573 990 deinde
604 946 649 989 in
683 946 823 989 altero
855 943 1069 987 laterculo
1101 944 1228 986 iuxta
1259 943 1402 996 posita
1431 943 1520 985 sint
1542 941 1685 984 latina

212 1019 446 1073 vocabula3
496 1018 715 1061 interdum
764 1017 896 1060 etiam
929 1053 938 1061 .
969 1050 1014 1058 ..
1057 1016 1200 1058 latina
1241 1014 1541 1068 superscripta
1583 1016 1685 1055 sunt

213 1092 424 1147 graecis».
487 1090 556 1132 Ab
598 1090 682 1132 hac
723 1087 1034 1131 consuetudine
1071 1087 1116 1129 in
1149 1086 1389 1129 Harleiano
1421 1098 1508 1128 non
1540 1084 1685 1128 recedi

213 1162 603 1207 animadvertimus
634 1160 719 1203 nisi
751 1160 951 1202 XXXIV
977 1161 999 1202 7
1035 1162 1080 1201 et
1111 1157 1580 1211 LXXII—LXXVII,
1612 1156 1686 1198 ubi

213 1235 356 1279 latina
387 1234 527 1279 verba
559 1232 730 1288 graecis
761 1234 1103 1285 praeponuntur,
1135 1229 1265 1284 paulo
1295 1229 1480 1282 saepius,
1513 1240 1685 1271 verum-

215 1311 363 1350 tamen
404 1306 514 1349 satis
555 1317 656 1348 raro
697 1305 743 1346 in
784 1302 1055 1355 Monacensi3
1102 1305 1169 1344 est
1210 1305 1388 1355 praeter
1426 1299 1625 1343 XXXIV
1661 1300 1684 1341 7

214 1378 334 1421 hisce
364 1377 491 1431 locis;
523 1377 606 1419 XL
628 1378 655 1418 4
687 1378 756 1418 sat
787 1393 920 1420 ικανον
951 1400 1011 1404 —
1042 1373 1216 1429 affatim
1239 1390 1493 1431 κατακορως,
1525 1372 1607 1413 XL
1634 1372 1686 1412 10

216 1449 600 1504 quotienscumque
633 1452 935 1503 οσακισῧηποτε
966 1472 1025 1476 -—
1061 1447 1113 1488 12
1148 1448 1254 1486 tunc
1275 1463 1387 1499 τοτε,
1410 1443 1492 1486 XL
1518 1444 1569 1485 17
1594 1455 1689 1484 mea

216 1541 296 1583 εμα
342 1547 401 1551 -
445 1521 499 1563 18
537 1532 678 1573 ‘neque
724 1538 850 1580 μητε,
901 1518 1057 1561 XLIII
1090 1519 1115 1560 3
1164 1516 1279 1558 iusto
1327 1521 1494 1568 δικαιως
1536 1513 1687 1556 merito

217 1598 338 1649 αξιως
367 1618 427 1624 -—
459 1595 484 1634 5
517 1592 640 1634 factu
671 1609 729 1635 τω
752 1593 957 1651 γενεσθαι,
981 1589 1043 1632 LI
1065 1590 1091 1631 4
1115 1587 1311 1631 causales
1334 1591 1599 1647 oct—‚romanoe
1631 1611 1688 1615 -—

218 1667 244 1708 6
298 1664 473 1707 tandem
524 1668 674 1723 δηαρα.
752 1662 1035 1717 Quodcontra
1086 1661 1131 1703 in
1176 1659 1453 1714 Sangallensi
1505 1670 1689 1712 «graeca

218 1737 356 1780 verba
388 1773 396 1781 .
427 1770 472 1779 ..
517 1748 613 1778 cum
656 1734 810 1777 latinis
853 1734 920 1776 ita
963 1733 1107 1775 mixta
1151 1735 1275 1786 sunt,
1320 1735 1371 1774 ut
1403 1730 1586 1785 singulis
1618 1728 1690 1772 vel

218 1808 370 1862 paucis
412 1807 564 1850 latinis
605 1806 848 1849 subiciatur
890 1817 1052 1860 graeca
1083 1803 1438 1858 interpretatio».
1503 1802 1588 1845 Sed
1619 1801 1690 1843 hic

220 1892 390 1933 quoque
433 1879 642 1922 nonnulla
684 1878 843 1932 prioris
886 1878 1119 1920 verborum
1162 1874 1458 1919 collocationis
1499 1873 1690 1927 vestigia

220 1951 378 1994 relicta
431 1962 524 1993 esse
575 1950 789 1993 neminem
842 1949 1006 2003 fugiet,
1065 1948 1139 2000 qui
1191 1947 1382 1990 animum
1435 1947 1491 1988 ad
1543 1945 1691 1998 capita

219 2022 656 2076 XXXI—XXXIV,
692 2021 848 2074 quibus
879 2020 1134 2074 pronomina
1167 2022 1499 2071 enumerantur,
1532 2017 1604 2060 vel
1637 2017 1691 2058 ad

221 2097 355 2147 caput
398 2094 778 2148 quadragesimum
814 2093 1036 2146 quintum,
1082 2103 1164 2144 quo
1197 2090 1543 2144 praepositiones
1575 2091 1690 2130 trac·

220 2168 387 2220 tantur,
420 2165 654 2220 diligenter
687 2164 941 2208 attenderit.
994 2163 1116 2217 Quae
1149 2175 1245 2204 cum
1272 2162 1338 2204 ita
1361 2163 1518 2215 essent,
1551 2163 1691 2202 artem

220 2237 423 2280 Dosithei
456 2249 483 2279 a
512 2250 581 2280 me
612 2236 658 2279 in
691 2236 841 2290 capita
873 2248 926 2278 ac
958 2235 1259 2289 paragraphos
1293 2234 1476 2276 divisam
1508 2232 1575 2274 ita
1607 2231 1690 2273 dis-

221 2309 368 2364 posui,
409 2313 460 2351 ut
500 2320 756 2362 graecorum
798 2308 1030 2351 verborum
1074 2308 1328 2349 contextum
1371 2305 1427 2347 ad
1468 2303 1691 2346 sinistram

221 2381 400 2424 habeas.

342 2464 445 2507 Jam
491 2464 566 2507 hic
612 2464 732 2507 locus
780 2467 869 2517 est,
917 2466 967 2505 ut
1011 2462 1063 2504 de
1111 2473 1309 2504 sermone
1357 2471 1439 2512 quo
1482 2470 1583 2501 usus
1627 2461 1693 2500 est

222 2535 461 2579 Dositheus
506 2535 800 2589 inquiramus,
850 2536 1060 2587 quantum
1108 2534 1164 2576 ad
1211 2536 1381 2575 textum
1429 2533 1550 2572 recte
1595 2541 1692 2571 con-

223 2607 494 2650 stituendum
525 2619 631 2660 opus
664 2607 734 2649 sit.

348 2822 380 2865 l)
407 2824 443 2855 In
470 2823 656 2855 Herleiano
683 2823 801 2855 triceni
827 2822 900 2854 bini
927 2832 1040 2854 versus
1066 2831 1136 2853 esse
1163 2820 1283 2852 solent.
