2164 3471
1605 351 1658 393 19

193 481 226 512 p.
255 470 334 511 385.
362 469 429 508 386
457 470 500 502 K.

193 543 322 594 cepta
367 540 496 594 volgo
549 539 595 581 in
646 552 871 583 numerum
923 544 1141 584 mutarum
1188 542 1385 584 omnibus
1437 541 1658 585 vocalibus

191 611 501 667 praeponitur,
544 611 653 654 nulli
694 613 973 666 subiungitur
1013 613 1098 656 nisi
1129 613 1488 667 consonantibus,
1531 616 1580 655 ut
1611 613 1657 655 in

192 684 390 726 Thrasea
410 683 602 726 Thracia
633 684 889 737 graecisque
920 684 1175 738 nominibus,
1210 689 1258 727 ut
1280 685 1468 728 Thebae.
1531 685 1561 727 k
1582 685 1655 727 lit-

192 758 292 797 tera
333 767 573 798 consonans
615 759 736 798 muta
777 759 908 799 notae
951 760 1124 799 tantum
1157 769 1290 801 causa
1320 757 1517 811 ponitur,
1560 770 1655 799 cum

145 836 166 870 5
192 829 272 869 aut
301 827 514 870 kalendas
546 827 639 870 sola
670 827 890 882 significat
922 831 1000 870 aut
1020 828 1262 871 Kaesonem
1296 831 1373 870 aut
1405 829 1547 881 kaput
1579 832 1658 871 aut

191 898 460 941 kalumniam
502 902 581 942 aut
621 899 953 954 Karthaginem.
1024 913 1052 953 p
1094 899 1247 942 littera
1289 912 1526 943 consonans
1564 904 1655 943 tam
1722 919 1723 922 ¹

191 970 476 1024 praeponitur
517 970 742 1014 vocalibus
774 983 903 1023 quam
935 971 1233 1026 subiungitur,
1276 974 1327 1014 ut
1357 971 1403 1013 in
1434 971 1502 1014 his
1534 972 1658 1025 ponit

192 1041 390 1095 opponit3
422 1042 709 1096 praeponitur
741 1046 786 1085 et
818 1042 1164 1097 consonantibus,
1197 1046 1247 1085 ut
1267 1042 1439 1096 plaudit
1459 1043 1655 1097 prandit3

191 1118 299 1156 nota
328 1114 638 1168 praenominis,
672 1126 768 1157 cum
800 1115 892 1157 sola
923 1114 1128 1157 Publium
1161 1114 1395 1169 significat,
1429 1118 1474 1157 et
1505 1127 1600 1157 cum
1632 1128 1654 1157 r

122 1192 167 1228 10
193 1185 445 1238 praeposita
465 1186 669 1239 populum
690 1198 914 1229 romanum
937 1189 981 1229 et
1003 1186 1199 1229 subiecta
1216 1199 1240 1228 r
1260 1198 1351 1228 rem
1372 1186 1591 1239 publicam
1609 1190 1655 1229 et

191 1257 444 1310 praeposita
465 1270 488 1300 c
509 1257 688 1300 litterae
709 1262 859 1311 patres
881 1257 1129 1311 conscripti.
1192 1271 1219 1310 q
1238 1257 1393 1300 littera
1415 1270 1654 1301 consonans

190 1332 313 1371 muta
355 1341 410 1372 ex
451 1342 474 1372 c
516 1332 562 1372 et
602 1342 632 1372 u
671 1329 835 1372 litteris
865 1330 878 1384 [Ι
902 1329 1160 1384 composita,
1204 1332 1310 1372 nota
1349 1330 1655 1384 praenominis,

191 1406 287 1443 cum
318 1400 528 1455 Quintum
560 1401 652 1444 sola
683 1401 924 1455 significat,
963 1401 1070 1443 item
1100 1401 1275 1443 honoris
1307 1401 1379 1444 vel
1411 1401 1654 1456 dignitatis,

192 1485 288 1515 cum
320 1476 595 1526 quaestorem
626 1473 806 1527 indicat,
836 1485 917 1515 nec
947 1473 1089 1515 minus
1119 1473 1336 1529 populum,
1370 1486 1465 1516 cum
1497 1486 1549 1516 ea
1579 1486 1652 1517 no-

122 1550 166 1585 15
192 1548 336 1588 tamus
380 1545 587 1600 Quirites.
657 1545 737 1588 soli
781 1558 810 1587 u
849 1545 1030 1587 litterae
1070 1544 1367 1598 praeponitur.
1439 1548 1459 1587 t
1500 1545 1654 1588 littera

191 1628 430 1660 consonans
472 1620 595 1659 muta
641 1619 733 1659 tam
780 1616 1064 1670 praeponitur
1110 1616 1335 1659 vocalibus
1384 1629 1513 1669 quam
1554 1618 1653 1659 sub-

190 1687 412 1743 iungitur,
453 1692 504 1731 ut
544 1688 650 1731 tulit
682 1688 848 1731 attulit.
909 1688 1196 1742 praeponitur
1228 1692 1273 1731 et
1305 1688 1654 1743 consonantibus,

191 1762 241 1802 ut
273 1760 430 1803 trabea
451 1760 622 1814 Aetna3
655 1763 761 1803 nota
782 1759 1087 1814 praenominis,
1120 1772 1214 1802 cum
1237 1760 1330 1802 sola
1351 1760 1499 1803 Titum
1520 1760 1652 1814 signi-

309 2035 331 2069 1
363 2036 468 2078 uulgo
494 2041 531 2068 ut
556 2047 617 2068 nos
644 2037 750 2068 diciffi
774 2037 986 2080 kataxptovos
1011 2038 1054 2067 H
1087 2038 1091 2078 Ι
1130 2035 1289 2067 omnibus
1315 2035 1451 2077 quidem
1477 2035 1654 2067 uocalibus

191 2098 236 2128 H
256 2097 395 2138 quidem
421 2109 483 2129 om.
510 2097 536 2128 S
558 2097 673 2129 Diam.
812 2095 834 2128 3
872 2097 1005 2127 Thasea
1030 2097 1104 2127 HS
1125 2107 1213 2127 corr.
1241 2096 1357 2127 Oehler
1378 2093 1382 2138 Ι
1406 2095 1525 2126 traieia
1549 2096 1576 2127 S
1595 2093 1599 2137 Ι
1623 2101 1654 2126 et

191 2157 388 2188 nominibus
414 2157 542 2196 graecis
559 2157 674 2188 Diam.
700 2156 896 2187 nominibus
914 2155 1111 2187 nominibus
1128 2156 1172 2187 H
1262 2153 1285 2188 4
1311 2159 1367 2186 aut
1385 2165 1459 2186 cum
1477 2155 1551 2186 HS
1566 2167 1653 2186 corr.

191 2217 275 2249 Keil
368 2215 390 2249 5
415 2221 473 2248 aut
489 2214 643 2259 Katoneff
673 2216 779 2257 kaput
796 2215 970 2246 kalumnia
992 2215 1193 2256 karthagine
1208 2216 1253 2246 H
1264 2216 1435 2246 Katonem
1454 2216 1480 2246 S
1493 2214 1653 2246 kasonem

195 2277 343 2308 Charisii
364 2277 504 2319 Neapol.
531 2276 718 2308 Caesonem
743 2276 857 2308 Diam.
884 2276 1030 2307 restituit
1054 2276 1136 2306 lx'ez'l
1158 2280 1258 2316 caput
1285 2275 1310 2306 S
1416 2273 1438 2306 6
1464 2279 1532 2305 tam
1558 2285 1652 2316 prae·

190 2336 330 2378 ponitur
354 2336 533 2368 vocalibus
559 2348 620 2368 om.
648 2336 675 2367 S
770 2334 788 2368 7
816 2335 852 2366 in
878 2335 928 2366 his
954 2346 1016 2366 om.
1034 2336 1079 2366 H
1170 2332 1192 2367 8
1217 2339 1330 2366 autem
1349 2339 1381 2365 et
1398 2335 1443 2365 H
1533 2332 1554 2366 9
1581 2344 1653 2375 pre-

190 2397 273 2427 noffi
298 2397 342 2427 H
370 2393 375 2439 Ι
410 2401 443 2428 et
468 2396 606 2438 quando
632 2397 676 2427 H
815 2394 861 2427 10
899 2395 1011 2437 posita
1036 2395 1062 2426 S
1093 2392 1098 2437 Ι
1132 2393 1297 2436 populum
1322 2404 1499 2425 romanum
1524 2398 1548 2436 s)
1573 2399 1607 2425 et
1631 2395 1657 2425 S

189 2454 235 2488 11
270 2455 440 2497 significat
473 2460 583 2498 patres
615 2455 825 2497 conscriptos
850 2457 895 2486 H
915 2454 1099 2496 conscripti
1126 2454 1152 2485 S
1177 2455 1275 2486 Char.
1303 2454 1513 2495 conscriptos
1538 2454 1651 2485 Diem.

188 2513 235 2548 12
268 2515 447 2557 conposita
470 2514 543 2559 H!
574 2519 734 2557 praenoffi
760 2516 787 2547 S
929 2513 975 2547 13
1009 2524 1084 2545 cum
1116 2514 1189 2544 sola
1221 2514 1390 2554 significat
1416 2513 1578 2554 Quintum
1603 2514 1651 2550 [ἦ

189 2576 274 2608 idem
305 2576 385 2607 ordo
417 2576 478 2618 qui
504 2576 540 2607 in
567 2576 592 2607 S
615 2580 661 2607 est
684 2577 778 2617 apud
802 2575 903 2607 Char.
931 2572 935 2617 Ι
965 2574 1110 2605 honores
1135 2574 1190 2604 uel
1216 2573 1394 2614 dignitates
1421 2583 1496 2604 cum
1522 2573 1653 2604 indicat

1392 2627 1408 2644 ἣ

189 2663 401 2700 quaestorem
418 2661 462 2691 H
482 2660 629 2691 honores
656 2669 729 2690 cum
748 2664 958 2700 quaestorem
976 2667 1050 2688 cum
1068 2661 1278 2698 quaestorem
1296 2657 1419 2687 indicit
1437 2657 1463 2688 S
1556 2654 1602 2689 14
1621 2662 1653 2688 et

189 2718 354 2761 populum
372 2720 416 2751 H
507 2717 553 2752 15
571 2718 720 2760 Quirites
738 2722 894 2750 notamus
912 2719 956 2749 H
973 2716 977 2760 Ι
1000 2718 1074 2749 sola
1091 2718 1165 2748 HS
1179 2728 1266 2748 corr.
1288 2717 1404 2748 Oelzler
1499 2714 1545 2749 16
1563 2715 1652 2747 subi-

189 2778 276 2810 citur
298 2779 345 2810 H
458 2777 502 2812 17
530 2779 642 2811 attulit
667 2790 729 2810 om.
757 2778 782 2809 S
891 2775 938 2811 18
964 2778 1089 2809 aehtna
1114 2776 1178 2820 H}
1201 2782 1283 2808 nota
1308 2786 1482 2807 numerum
1508 2777 1552 2807 H
1572 2781 1653 2807 nota

189 2841 353 2880 praenoffi
379 2839 406 2870 S
423 2837 428 2882 Ι
451 2839 580 2870 Titium
606 2839 778 2880 significat
803 2839 830 2869 S
851 2837 1023 2879 significat
1048 2837 1174 2868 Titium
1201 2838 1244 2867 H
1264 2847 1350 2867 corr.
1379 2836 1494 2867 Oelzler

1396 2893 1439 2927 2*
