2164 3471
848 927 1104 982 Praefatio.

361 1058 458 1113 Qua
490 1058 663 1101 ratione
694 1059 855 1102 Graeci
885 1059 1202 1113 posterioribus
1234 1060 1502 1113 temporibus
1533 1061 1711 1115 linguae

239 1129 406 1173 latinae
437 1130 686 1173 studuerint
719 1143 813 1174 cum
847 1143 870 1173 e
891 1130 1094 1174 Dosithei
1126 1143 1238 1184 quae
1266 1131 1427 1174 dicitur
1449 1135 1547 1175 arte
1568 1145 1711 1187 gram-

240 1201 404 1245 matica
443 1201 586 1245 lucide
629 1205 863 1257 appareat,
907 1214 1002 1245 eam
1038 1202 1156 1245 haud
1186 1202 1411 1257 indignam
1444 1215 1559 1259 esse,
1602 1216 1713 1257 quae

242 1285 372 1326 quam
413 1273 696 1327 plurimorum
740 1274 1058 1328 philologorum
1101 1274 1148 1316 in
1190 1274 1390 1317 manibus
1432 1275 1513 1329 sit,
1554 1276 1708 1318 harum

239 1357 385 1388 rerum
417 1357 500 1398 quo
533 1345 628 1398 quis
661 1345 747 1388 erit
777 1345 979 1400 peritior,
1022 1357 1070 1388 eo
1102 1345 1313 1389 libentius
1345 1347 1563 1389 concedet.
1627 1347 1713 1391 Sed

240 1417 405 1460 maiore
425 1416 567 1471 pretio
589 1416 766 1460 videtur
787 1420 986 1460 constare
1009 1416 1124 1460 alter
1140 1417 1314 1471 septimi
1330 1419 1714 1472 grammaticorum

240 1488 476 1532 latinorum
517 1488 749 1532 voluminis
792 1488 1047 1542 fasciculus,
1090 1489 1136 1531 in
1175 1501 1258 1541 quo
1289 1489 1406 1532 inest
1437 1489 1549 1532 liber
1579 1489 1655 1533 ille
1686 1503 1713 1534 a

240 1559 384 1603 Keilio
418 1560 582 1614 editus,
622 1572 751 1612 quam
782 1563 833 1603 ut
865 1573 891 1603 a
921 1560 1071 1603 multis
1102 1560 1347 1603 hominibus
1378 1561 1568 1614 privatis
1601 1574 1711 1605 com-

241 1631 393 1684 parari
423 1631 573 1685 possit.
627 1631 822 1686 Accedit,
856 1632 969 1684 quod
1001 1634 1046 1674 et
1079 1645 1106 1674 a
1136 1632 1232 1676 viro
1265 1633 1316 1675 de
1348 1632 1428 1676 hoc
1459 1633 1710 1676 litterarum

240 1714 401 1756 genere
442 1702 601 1756 optime
642 1703 797 1746 merito
843 1703 1105 1746 alterutrum
1144 1715 1312 1758 eorum,
1356 1704 1430 1756 qui
1463 1705 1502 1747 ei
1533 1708 1708 1758 praesto

240 1773 440 1828 fuerunt,
482 1774 667 1817 fontium
709 1787 795 1818 non
839 1775 1098 1817 exhaustum
1136 1787 1230 1818 esse
1260 1775 1436 1818 iamiam
1467 1775 1712 1820 videbimus

241 1849 286 1888 et
337 1845 436 1888 aliis
488 1846 750 1889 adiumentis
801 1849 955 1900 postea
1009 1846 1158 1889 allatis
1205 1849 1376 1889 textum
1422 1847 1711 1891 multifariam

240 1917 462 1960 emendari
492 1929 619 1971 posse
650 1930 735 1960 non
768 1921 835 1960 est
866 1919 1123 1972 negandum.

358 1988 441 2032 His
481 1989 753 2042 potissimum
786 1990 838 2032 de
871 1989 1012 2032 causis
1043 2001 1159 2033 nova
1190 1990 1298 2032 haec
1332 1990 1464 2033 editio
1496 1990 1541 2033 in
1572 1990 1712 2034 lucem

237 2060 400 2115 prodit,
445 2072 574 2113 quam
606 2072 692 2103 non
723 2060 923 2104 inutilem
955 2060 1050 2104 fore
1082 2060 1277 2104 arbitror
1309 2062 1364 2104 ad
1395 2074 1520 2105 usum
1552 2075 1712 2118 eorum,

238 2131 313 2184 qm·
355 2144 383 2174 a
423 2131 581 2175 studiis
622 2133 1008 2185 grammaticorum
1039 2131 1276 2175 latinorum
1307 2145 1393 2176 non
1425 2145 1602 2187 prorsus
1635 2135 1709 2177 ab·

236 2203 468 2258 horreant,
512 2205 647 2256 atque
680 2215 734 2246 ex
766 2216 818 2246 ea
849 2216 1010 2258 magna
1040 2215 1108 2246 me
1139 2215 1237 2257 spes
1270 2207 1392 2247 tenet
1425 2217 1497 2248 eos
1531 2217 1711 2261 quoque,

238 2273 312 2326 qui
342 2286 532 2328 graecae
562 2274 741 2328 linguae
771 2275 1116 2328 perscrutandae
1149 2287 1321 2329 operam
1356 2278 1481 2331 dent,
1519 2277 1711 2320 fructum

236 2345 428 2398 aliquem
460 2358 618 2399 capere
647 2358 784 2400 posse.

355 2417 503 2470 Atque
535 2420 675 2460 artem
697 2417 900 2461 Dosithei
931 2430 1017 2460 non
1039 2417 1257 2472 integram
1282 2420 1337 2461 ad
1358 2431 1436 2462 nos
1457 2420 1712 2473 pervenisse

233 2488 321 2531 iam
362 2488 530 2542 pridem
573 2492 642 2531 est
681 2488 965 2533 intellectum.
1030 2488 1093 2532 Cf.
1134 2489 1269 2544 Jeep,
1312 2490 1540 2533 Redeteile
1576 2503 1617 2544 p.
1643 2492 1710 2535 14.

233 2559 385 2615 Longe
426 2559 615 2613 plurima
656 2560 909 2616 fragmenta
951 2563 1131 2604 exstant
1171 2561 1216 2604 in
1255 2562 1400 2605 codice
1433 2561 1709 2616 Sangallensi

233 2632 320 2674 902
344 2631 432 2688 (S),
473 2631 703 2687 pauciora,
748 2635 797 2675 at
838 2636 987 2676 tamen
1029 2632 1139 2676 satis
1180 2645 1340 2687 magna
1380 2633 1425 2676 in
1467 2633 1709 2678 Harleiano

234 2704 350 2745 5642
374 2703 455 2759 (Η)
487 2708 533 2747 et
563 2704 610 2746 in
640 2704 893 2748 Monacensi
925 2706 1009 2747 601
1036 2703 1130 2760 (Μ).
1183 2705 1335 2748 Etiam
1366 2705 1413 2747 in
1445 2705 1709 2748 monasterio

232 2774 453 2829 bobiensi,
499 2775 546 2818 in
592 2775 839 2830 plenissimo
887 2776 962 2819 illo
1004 2776 1221 2819 librorum
1262 2776 1439 2831 horreo,
1488 2776 1711 2830 exemplar

233 2846 447 2898 quondam
464 2845 598 2890 fuisse
615 2848 863 2891 testimonio
882 2851 950 2891 est
966 2848 1098 2891 index
1113 2847 1425 2910 bibliothecae3
1456 2847 1508 2891 cf.
1527 2848 1711 2901 Becker,
