<?xml version="1.0" encoding="UTF-8"?>
<!DOCTYPE html PUBLIC "-//W3C//DTD XHTML 1.0 Transitional//EN"
    "http://www.w3.org/TR/xhtml1/DTD/xhtml1-transitional.dtd">
<html xmlns="http://www.w3.org/1999/xhtml" xml:lang="en" lang="en">
 <head>
  <title>
</title>
<meta http-equiv="Content-Type" content="text/html;charset=utf-8" />
  <meta name='ocr-system' content='tesseract 3.04.00' />
  <meta name='ocr-capabilities' content='ocr_page ocr_carea ocr_par ocr_line ocrx_word'/>
</head>
<body>
  <div class='ocr_page' id='page_1' title='image "./arsgrammaticarec00dosiuoft_0094.png"; bbox 0 0 2148 3407; ppageno 0'>
   <div class='ocr_carea' id='block_1_1' title="bbox 551 273 605 314">
    <p class='ocr_par' dir='ltr' id='par_1_1' title="bbox 551 273 605 314">
     <span class='ocr_line' id='line_1_1' title="bbox 551 273 605 314; baseline -0.019 0"><span class='ocrx_word' id='word_1_1' title='bbox 551 273 605 314; x_wconf 87' lang='grc'><em>72</em></span> 
     </span>
    </p>
   </div>
   <div class='ocr_carea' id='block_1_2' title="bbox 550 391 749 432">
    <p class='ocr_par' dir='ltr' id='par_1_2' title="bbox 550 391 749 432">
     <span class='ocr_line' id='line_1_2' title="bbox 550 391 749 432; baseline -0.01 -9"><span class='ocrx_word' id='word_1_2' title='bbox 550 402 580 432; x_wconf 90' lang='lat' dir='ltr'><em>p.</em></span> <span class='ocrx_word' id='word_1_3' title='bbox 609 391 677 428; x_wconf 88' lang='lat'><em>416</em></span> <span class='ocrx_word' id='word_1_4' title='bbox 707 391 749 422; x_wconf 89' lang='lat' dir='ltr'><em>K.</em></span> 
     </span>
    </p>
   </div>
   <div class='ocr_carea' id='block_1_3' title="bbox 547 464 2081 2153">
    <p class='ocr_par' dir='ltr' id='par_1_3' title="bbox 547 464 2081 2153">
     <span class='ocr_line' id='line_1_3' title="bbox 549 464 595 502; baseline 0 0"><span class='ocrx_word' id='word_1_5' title='bbox 549 464 595 502; x_wconf 77' lang='lat' dir='ltr'><em>et,</em></span> 
     </span>
     <span class='ocr_line' id='line_1_4' title="bbox 667 529 1952 583; baseline 0 -11"><span class='ocrx_word' id='word_1_6' title='bbox 667 529 771 572; x_wconf 79' lang='lat' dir='ltr'><em>haec</em></span> <span class='ocrx_word' id='word_1_7' title='bbox 801 544 933 583; x_wconf 76' lang='lat' dir='ltr'><em>super</em></span> <span class='ocrx_word' id='word_1_8' title='bbox 964 543 1169 572; x_wconf 76' lang='lat' dir='ltr'><strong><em>arvorum</em></strong></span> <span class='ocrx_word' id='word_1_9' title='bbox 1201 529 1375 580; x_wconf 84' lang='lat' dir='ltr'><em>&lt;cultu&gt;</em></span> <span class='ocrx_word' id='word_1_10' title='bbox 1399 542 1690 583; x_wconf 78' lang='lat' dir='ltr'><em>pecorumque</em></span> <span class='ocrx_word' id='word_1_11' title='bbox 1723 529 1952 582; x_wconf 80' lang='lat' dir='ltr'><em>canebam;</em></span> 
     </span>
     <span class='ocr_line' id='line_1_5' title="bbox 549 601 1512 655; baseline -0.003 -10"><span class='ocrx_word' id='word_1_12' title='bbox 549 602 670 645; x_wconf 88' lang='lat' dir='ltr'><em>modo</em></span> <span class='ocrx_word' id='word_1_13' title='bbox 703 605 748 644; x_wconf 76' lang='lat' dir='ltr'><em>et</em></span> <span class='ocrx_word' id='word_1_14' title='bbox 778 614 855 655; x_wconf 88' lang='lat' dir='ltr'><em>pro</em></span> <span class='ocrx_word' id='word_1_15' title='bbox 887 601 1259 654; x_wconf 79' lang='lat' dir='ltr'><em>&lt;praepositione&gt;</em></span> <span class='ocrx_word' id='word_1_16' title='bbox 1289 613 1379 654; x_wconf 85' lang='lat' dir='ltr'><em>pro,</em></span> <span class='ocrx_word' id='word_1_17' title='bbox 1411 603 1512 651; x_wconf 82' lang='lat' dir='ltr'><em>&lt;ut&gt;</em></span> 
     </span>
     <span class='ocr_line' id='line_1_6' title="bbox 668 670 1734 726; baseline -0.001 -12"><span class='ocrx_word' id='word_1_18' title='bbox 668 686 746 714; x_wconf 89' lang='lat' dir='ltr'><em>nec</em></span> <span class='ocrx_word' id='word_1_19' title='bbox 777 686 910 726; x_wconf 75' lang='lat' dir='ltr'><em>super</em></span> <span class='ocrx_word' id='word_1_20' title='bbox 941 671 1031 725; x_wconf 73' lang='lat' dir='ltr'><em>ipse</em></span> <span class='ocrx_word' id='word_1_21' title='bbox 1061 685 1144 714; x_wconf 89' lang='lat' dir='ltr'><em>sua</em></span> <span class='ocrx_word' id='word_1_22' title='bbox 1173 671 1354 713; x_wconf 80' lang='lat' dir='ltr'><em>molitur</em></span> <span class='ocrx_word' id='word_1_23' title='bbox 1387 670 1515 713; x_wconf 84' lang='lat' dir='ltr'><em>laude</em></span> <span class='ocrx_word' id='word_1_24' title='bbox 1548 671 1734 714; x_wconf 84' lang='lat' dir='ltr'><em>laborem</em></span> 
     </span>
     <span class='ocr_line' id='line_1_7' title="bbox 549 749 2079 787; baseline -0.001 0"><span class='ocrx_word' id='word_1_25' title='bbox 549 749 594 787; x_wconf 77' lang='lat' dir='ltr'><em>et</em></span> <span class='ocrx_word' id='word_1_26' title='bbox 2059 753 2079 786; x_wconf 88' lang='lat'>5</span> 
     </span>
     <span class='ocr_line' id='line_1_8' title="bbox 667 814 1319 869; baseline -0.002 -12"><span class='ocrx_word' id='word_1_27' title='bbox 667 815 736 857; x_wconf 81' lang='lat' dir='ltr'><em>nil</em></span> <span class='ocrx_word' id='word_1_28' title='bbox 766 829 898 869; x_wconf 73' lang='lat' dir='ltr'><em>super</em></span> <span class='ocrx_word' id='word_1_29' title='bbox 928 814 1110 868; x_wconf 74' lang='lat' dir='ltr'><em>imperio</em></span> <span class='ocrx_word' id='word_1_30' title='bbox 1142 828 1319 856; x_wconf 79' lang='lat' dir='ltr'><em>moveor.</em></span> 
     </span>
     <span class='ocr_line' id='line_1_9' title="bbox 550 885 1298 940; baseline -0.004 -10"><span class='ocrx_word' id='word_1_31' title='bbox 550 891 594 930; x_wconf 79' lang='lat' dir='ltr'><em>et</em></span> <span class='ocrx_word' id='word_1_32' title='bbox 625 900 703 940; x_wconf 87' lang='lat' dir='ltr'><em>pro</em></span> <span class='ocrx_word' id='word_1_33' title='bbox 733 887 911 939; x_wconf 85' lang='lat' dir='ltr'>insuper</span> <span class='ocrx_word' id='word_1_34' title='bbox 943 890 988 928; x_wconf 78' lang='lat' dir='ltr'><em>et</em></span> <span class='ocrx_word' id='word_1_35' title='bbox 1020 885 1216 940; x_wconf 85' lang='lat' dir='ltr'><em>amplius,</em></span> <span class='ocrx_word' id='word_1_36' title='bbox 1248 889 1298 927; x_wconf 79' lang='lat' dir='ltr'><em>ut</em></span> 
     </span>
     <span class='ocr_line' id='line_1_10' title="bbox 669 955 2006 1011; baseline -0.001 -12"><span class='ocrx_word' id='word_1_37' title='bbox 669 957 740 1000; x_wconf 88' lang='lat' dir='ltr'><em>cui</em></span> <span class='ocrx_word' id='word_1_38' title='bbox 771 971 911 1010; x_wconf 80' lang='lat' dir='ltr'><em>neque</em></span> <span class='ocrx_word' id='word_1_39' title='bbox 944 956 1065 1010; x_wconf 73' lang='lat' dir='ltr'><em>apud</em></span> <span class='ocrx_word' id='word_1_40' title='bbox 1095 956 1280 998; x_wconf 86' lang='lat' dir='ltr'><em>Danaos</em></span> <span class='ocrx_word' id='word_1_41' title='bbox 1311 968 1498 1011; x_wconf 79' lang='lat' dir='ltr'><strong><em>usquam</em></strong></span> <span class='ocrx_word' id='word_1_42' title='bbox 1531 955 1656 1007; x_wconf 85' lang='lat' dir='ltr'><em>locus,</em></span> <span class='ocrx_word' id='word_1_43' title='bbox 1691 959 1732 998; x_wconf 89' lang='lat' dir='ltr'><em>et</em></span> <span class='ocrx_word' id='word_1_44' title='bbox 1760 969 1892 1010; x_wconf 79' lang='lat' dir='ltr'><em>super</em></span> <span class='ocrx_word' id='word_1_45' title='bbox 1921 955 2006 1010; x_wconf 81' lang='lat' dir='ltr'><em>ipsi</em></span> 
     </span>
     <span class='ocr_line' id='line_1_11' title="bbox 667 1026 1964 1082; baseline -0.002 -11"><span class='ocrx_word' id='word_1_46' title='bbox 667 1028 963 1071; x_wconf 71' lang='lat' dir='ltr'><em>Dardanidae</em></span> <span class='ocrx_word' id='word_1_47' title='bbox 994 1027 1167 1082; x_wconf 83' lang='lat' dir='ltr'><em>infensi</em></span> <span class='ocrx_word' id='word_1_48' title='bbox 1191 1040 1359 1081; x_wconf 78' lang='lat' dir='ltr'><em>poenas</em></span> <span class='ocrx_word' id='word_1_49' title='bbox 1392 1040 1490 1069; x_wconf 87' lang='lat' dir='ltr'><em>cum</em></span> <span class='ocrx_word' id='word_1_50' title='bbox 1520 1026 1741 1081; x_wconf 71' lang='lat' dir='ltr'><em>sanquine</em></span> <span class='ocrx_word' id='word_1_51' title='bbox 1764 1030 1964 1081; x_wconf 80' lang='lat' dir='ltr'><em>poscunt,</em></span> 
     </span>
     <span class='ocr_line' id='line_1_12' title="bbox 547 1101 2080 1144; baseline -0.001 -2"><span class='ocrx_word' id='word_1_52' title='bbox 547 1101 653 1144; x_wconf 77' lang='lat' dir='ltr'><em>item</em></span> <span class='ocrx_word' id='word_1_53' title='bbox 2037 1107 2080 1141; x_wconf 91' lang='lat'><em>10</em></span> 
     </span>
     <span class='ocr_line' id='line_1_13' title="bbox 669 1168 1782 1225; baseline -0.004 -11"><span class='ocrx_word' id='word_1_54' title='bbox 669 1185 758 1214; x_wconf 87' lang='lat' dir='ltr'><em>ecce</em></span> <span class='ocrx_word' id='word_1_55' title='bbox 789 1185 921 1225; x_wconf 77' lang='lat' dir='ltr'><em>super</em></span> <span class='ocrx_word' id='word_1_56' title='bbox 951 1170 1105 1213; x_wconf 85' lang='lat' dir='ltr'><em>maesti</em></span> <span class='ocrx_word' id='word_1_57' title='bbox 1136 1183 1300 1225; x_wconf 73' lang='lat' dir='ltr'><em>mayna</em></span> <span class='ocrx_word' id='word_1_58' title='bbox 1331 1169 1558 1211; x_wconf 86' lang='lat' dir='ltr'><em>Diomedis</em></span> <span class='ocrx_word' id='word_1_59' title='bbox 1589 1169 1642 1211; x_wconf 84' lang='lat' dir='ltr'><em>ab</em></span> <span class='ocrx_word' id='word_1_60' title='bbox 1674 1168 1782 1211; x_wconf 84' lang='lat' dir='ltr'><em>urbe</em></span> 
     </span>
     <span class='ocr_line' id='line_1_14' title="bbox 669 1242 1239 1298; baseline -0.004 -13"><span class='ocrx_word' id='word_1_61' title='bbox 669 1243 799 1298; x_wconf 70' lang='lat' dir='ltr'><em>Zeyati</em></span> <span class='ocrx_word' id='word_1_62' title='bbox 830 1256 1037 1296; x_wconf 76' lang='lat' dir='ltr'><em>responsa</em></span> <span class='ocrx_word' id='word_1_63' title='bbox 1067 1242 1239 1296; x_wconf 79' lang='lat' dir='ltr'><em>ferunt3</em></span> 
     </span>
     <span class='ocr_line' id='line_1_15' title="bbox 549 1315 1011 1368; baseline 0 -11"><span class='ocrx_word' id='word_1_64' title='bbox 549 1318 594 1357; x_wconf 77' lang='lat' dir='ltr'><em>et</em></span> <span class='ocrx_word' id='word_1_65' title='bbox 623 1327 702 1368; x_wconf 88' lang='lat' dir='ltr'><em>pro</em></span> <span class='ocrx_word' id='word_1_66' title='bbox 734 1315 928 1368; x_wconf 83' lang='lat' dir='ltr'><em>desuper,</em></span> <span class='ocrx_word' id='word_1_67' title='bbox 960 1318 1011 1357; x_wconf 78' lang='lat' dir='ltr'><em>ut</em></span> 
     </span>
     <span class='ocr_line' id='line_1_16' title="bbox 668 1381 1782 1439; baseline -0.004 -11"><span class='ocrx_word' id='word_1_68' title='bbox 668 1385 770 1428; x_wconf 82' lang='lat' dir='ltr'><em>haec</em></span> <span class='ocrx_word' id='word_1_69' title='bbox 801 1399 933 1439; x_wconf 70' lang='lat' dir='ltr'><em>super</em></span> <span class='ocrx_word' id='word_1_70' title='bbox 965 1399 985 1427; x_wconf 86' lang='lat' dir='ltr'><em>e</em></span> <span class='ocrx_word' id='word_1_71' title='bbox 1016 1385 1127 1427; x_wconf 74' lang='lat' dir='ltr'><em>vallo</em></span> <span class='ocrx_word' id='word_1_72' title='bbox 1154 1386 1437 1438; x_wconf 70' lang='lat' dir='ltr'><em>prospectant</em></span> <span class='ocrx_word' id='word_1_73' title='bbox 1467 1382 1616 1425; x_wconf 85' lang='lat' dir='ltr'><em>omnia</em></span> <span class='ocrx_word' id='word_1_74' title='bbox 1652 1381 1782 1424; x_wconf 86' lang='lat' dir='ltr'><em>Troes</em></span> 
     </span>
     <span class='ocr_line' id='line_1_17' title="bbox 549 1462 2079 1500; baseline -0.003 0"><span class='ocrx_word' id='word_1_75' title='bbox 549 1462 595 1500; x_wconf 79' lang='lat' dir='ltr'><em>et</em></span> <span class='ocrx_word' id='word_1_76' title='bbox 2037 1463 2079 1496; x_wconf 83' lang='lat'><em>15</em></span> 
     </span>
     <span class='ocr_line' id='line_1_18' title="bbox 1204 1525 1891 1580; baseline -0.003 -12"><span class='ocrx_word' id='word_1_77' title='bbox 1204 1539 1419 1580; x_wconf 74' lang='lat' dir='ltr'><em>superque</em></span> <span class='ocrx_word' id='word_1_78' title='bbox 1449 1525 1631 1568; x_wconf 80' lang='lat' dir='ltr'><em>inmane</em></span> <span class='ocrx_word' id='word_1_79' title='bbox 1663 1525 1891 1568; x_wconf 79' lang='lat' dir='ltr'><em>baratrum</em></span> 
     </span>
     <span class='ocr_line' id='line_1_19' title="bbox 669 1603 886 1642; baseline 0 0"><span class='ocrx_word' id='word_1_80' title='bbox 669 1603 886 1642; x_wconf 76' lang='lat' dir='ltr'><em>cernatur.</em></span> 
     </span>
     <span class='ocr_line' id='line_1_20' title="bbox 550 1674 1026 1725; baseline -0.006 -10"><span class='ocrx_word' id='word_1_81' title='bbox 550 1676 595 1715; x_wconf 76' lang='lat' dir='ltr'><em>et</em></span> <span class='ocrx_word' id='word_1_82' title='bbox 624 1684 702 1725; x_wconf 87' lang='lat' dir='ltr'><em>pro</em></span> <span class='ocrx_word' id='word_1_83' title='bbox 735 1676 944 1725; x_wconf 77' lang='lat' dir='ltr'><em>superest,</em></span> <span class='ocrx_word' id='word_1_84' title='bbox 976 1674 1026 1713; x_wconf 77' lang='lat' dir='ltr'><em>ut</em></span> 
     </span>
     <span class='ocr_line' id='line_1_21' title="bbox 668 1738 2009 1794; baseline -0.003 -10"><span class='ocrx_word' id='word_1_85' title='bbox 668 1742 743 1785; x_wconf 81' lang='lat' dir='ltr'><em>ille</em></span> <span class='ocrx_word' id='word_1_86' title='bbox 775 1745 931 1794; x_wconf 75' lang='lat' dir='ltr'><em>autem,</em></span> <span class='ocrx_word' id='word_1_87' title='bbox 962 1755 1102 1794; x_wconf 78' lang='lat' dir='ltr'><em>neque</em></span> <span class='ocrx_word' id='word_1_88' title='bbox 1133 1739 1302 1791; x_wconf 78' lang='lat' dir='ltr'><em>(enim)</em></span> <span class='ocrx_word' id='word_1_89' title='bbox 1333 1739 1445 1794; x_wconf 74' lang='lat' dir='ltr'><em>fuya</em></span> <span class='ocrx_word' id='word_1_90' title='bbox 1475 1738 1567 1781; x_wconf 88' lang='lat' dir='ltr'><em>iam</em></span> <span class='ocrx_word' id='word_1_91' title='bbox 1587 1752 1720 1792; x_wconf 76' lang='lat' dir='ltr'><em>super</em></span> <span class='ocrx_word' id='word_1_92' title='bbox 1740 1738 1835 1781; x_wconf 81' lang='lat' dir='ltr'><em>ulla</em></span> <span class='ocrx_word' id='word_1_93' title='bbox 1847 1738 2009 1793; x_wconf 78' lang='lat' dir='ltr'><em>pericli</em></span> 
     </span>
     <span class='ocr_line' id='line_1_22' title="bbox 551 1817 2081 1857; baseline -0.003 0"><span class='ocrx_word' id='word_1_94' title='bbox 551 1818 596 1857; x_wconf 79' lang='lat' dir='ltr'><em>et</em></span> <span class='ocrx_word' id='word_1_95' title='bbox 1863 1846 1868 1853; x_wconf 93' lang='lat'><strong>.</strong></span> <span class='ocrx_word' id='word_1_96' title='bbox 2035 1817 2081 1852; x_wconf 85' lang='lat'><em>20</em></span> 
     </span>
     <span class='ocr_line' id='line_1_23' title="bbox 670 1881 1731 1937; baseline -0.003 -10"><span class='ocrx_word' id='word_1_97' title='bbox 670 1899 690 1927; x_wconf 88' lang='grc' dir='ltr'>ο</span> <span class='ocrx_word' id='word_1_98' title='bbox 722 1884 833 1927; x_wconf 84' lang='lat' dir='ltr'><em>mihi</em></span> <span class='ocrx_word' id='word_1_99' title='bbox 863 1884 953 1927; x_wconf 82' lang='lat' dir='ltr'><em>sola</em></span> <span class='ocrx_word' id='word_1_100' title='bbox 986 1883 1069 1926; x_wconf 88' lang='lat' dir='ltr'><em>mei</em></span> <span class='ocrx_word' id='word_1_101' title='bbox 1102 1896 1234 1937; x_wconf 74' lang='lat' dir='ltr'><em>super</em></span> <span class='ocrx_word' id='word_1_102' title='bbox 1264 1881 1548 1936; x_wconf 69' lang='lat' dir='ltr'><em>Astyanactis</em></span> <span class='ocrx_word' id='word_1_103' title='bbox 1577 1881 1731 1936; x_wconf 71' lang='lat' dir='ltr'><em>imaqo.</em></span> 
     </span>
     <span class='ocr_line' id='line_1_24' title="bbox 549 1954 1341 2009; baseline -0.005 -9"><span class='ocrx_word' id='word_1_104' title='bbox 549 1958 767 2000; x_wconf 73' lang='lat' dir='ltr'><em>interdum</em></span> <span class='ocrx_word' id='word_1_105' title='bbox 801 1959 845 1999; x_wconf 79' lang='lat' dir='ltr'><em>et</em></span> <span class='ocrx_word' id='word_1_106' title='bbox 876 1956 997 1999; x_wconf 80' lang='lat' dir='ltr'><em>ultra</em></span> <span class='ocrx_word' id='word_1_107' title='bbox 1028 1954 1260 2009; x_wconf 77' lang='lat' dir='ltr'><em>significat,</em></span> <span class='ocrx_word' id='word_1_108' title='bbox 1292 1958 1341 1996; x_wconf 79' lang='lat' dir='ltr'><em>ut</em></span> 
     </span>
     <span class='ocr_line' id='line_1_25' title="bbox 1119 2022 1892 2079; baseline -0.003 -12"><span class='ocrx_word' id='word_1_109' title='bbox 1119 2039 1252 2079; x_wconf 75' lang='lat' dir='ltr'><em>super</em></span> <span class='ocrx_word' id='word_1_110' title='bbox 1283 2028 1324 2067; x_wconf 88' lang='lat' dir='ltr'><em>et</em></span> <span class='ocrx_word' id='word_1_111' title='bbox 1357 2024 1656 2067; x_wconf 78' lang='lat' dir='ltr'><em>Garamantas</em></span> <span class='ocrx_word' id='word_1_112' title='bbox 1687 2026 1728 2066; x_wconf 88' lang='lat' dir='ltr'><em>et</em></span> <span class='ocrx_word' id='word_1_113' title='bbox 1755 2022 1892 2065; x_wconf 85' lang='lat' dir='ltr'><em>Indos</em></span> 
     </span>
     <span class='ocr_line' id='line_1_26' title="bbox 661 2097 1135 2153; baseline -0.002 -13"><span class='ocrx_word' id='word_1_114' title='bbox 661 2099 860 2153; x_wconf 75' lang='lat' dir='ltr'><em>proferet</em></span> <span class='ocrx_word' id='word_1_115' title='bbox 887 2097 1135 2152; x_wconf 71' lang='lat' dir='ltr'><em>imperium.</em></span> 
     </span>
    </p>
   </div>
   <div class='ocr_carea' id='block_1_4' title="bbox 550 2213 2010 2439">
    <p class='ocr_par' dir='ltr' id='par_1_4' title="bbox 550 2213 2010 2439">
     <span class='ocr_line' id='line_1_27' title="bbox 669 2213 2009 2261; baseline -0.004 -10"><span class='ocrx_word' id='word_1_116' title='bbox 669 2218 691 2252; x_wconf 83' lang='lat'>2</span> <span class='ocrx_word' id='word_1_117' title='bbox 725 2220 813 2261; x_wconf 82' lang='lat' dir='ltr'><em>Verg.</em></span> <span class='ocrx_word' id='word_1_118' title='bbox 843 2220 956 2261; x_wconf 81' lang='lat' dir='ltr'><em>Georg.</em></span> <span class='ocrx_word' id='word_1_119' title='bbox 982 2219 1008 2249; x_wconf 90' lang='lat' dir='ltr'><em>I</em></span> <span class='ocrx_word' id='word_1_120' title='bbox 1010 2218 1042 2248; x_wconf 87' lang='lat' dir='ltr'><em>V</em></span> <span class='ocrx_word' id='word_1_121' title='bbox 1044 2227 1121 2259; x_wconf 75' lang='lat'><em>559</em></span> <span class='ocrx_word' id='word_1_122' title='bbox 1225 2214 1247 2249; x_wconf 77' lang='lat'>4</span> <span class='ocrx_word' id='word_1_123' title='bbox 1281 2217 1370 2258; x_wconf 83' lang='lat' dir='ltr'><em>Verg.</em></span> <span class='ocrx_word' id='word_1_124' title='bbox 1397 2218 1477 2247; x_wconf 86' lang='lat' dir='ltr'><em>Aen.</em></span> <span class='ocrx_word' id='word_1_125' title='bbox 1505 2216 1564 2247; x_wconf 91' lang='lat' dir='ltr'><em>IV</em></span> <span class='ocrx_word' id='word_1_126' title='bbox 1580 2225 1652 2255; x_wconf 68' lang='lat'><em>233</em></span> <span class='ocrx_word' id='word_1_127' title='bbox 1757 2213 1779 2247; x_wconf 87' lang='lat'>6</span> <span class='ocrx_word' id='word_1_128' title='bbox 1812 2215 1902 2256; x_wconf 64' lang='lat' dir='ltr'><em>Verg.</em></span> <span class='ocrx_word' id='word_1_129' title='bbox 1928 2215 2009 2246; x_wconf 87' lang='lat' dir='ltr'><em>Aen.</em></span> 
     </span>
     <span class='ocr_line' id='line_1_28' title="bbox 550 2271 2009 2320; baseline -0.005 -9"><span class='ocrx_word' id='word_1_130' title='bbox 550 2280 589 2310; x_wconf 84' lang='lat' dir='ltr'><em>X</em></span> <span class='ocrx_word' id='word_1_131' title='bbox 608 2289 656 2319; x_wconf 81' lang='lat'><em>42</em></span> <span class='ocrx_word' id='word_1_132' title='bbox 775 2276 797 2311; x_wconf 88' lang='lat'>8</span> <span class='ocrx_word' id='word_1_133' title='bbox 829 2279 919 2320; x_wconf 78' lang='lat' dir='ltr'><em>Verg,</em></span> <span class='ocrx_word' id='word_1_134' title='bbox 946 2279 1027 2309; x_wconf 83' lang='lat' dir='ltr'><em>Aen.</em></span> <span class='ocrx_word' id='word_1_135' title='bbox 1054 2277 1099 2308; x_wconf 87' lang='lat' dir='ltr'><em>II</em></span> <span class='ocrx_word' id='word_1_136' title='bbox 1120 2284 1163 2316; x_wconf 83' lang='lat'><em>71</em></span> <span class='ocrx_word' id='word_1_137' title='bbox 1276 2274 1320 2308; x_wconf 95' lang='lat'><em>11</em></span> <span class='ocrx_word' id='word_1_138' title='bbox 1355 2276 1445 2318; x_wconf 66' lang='lat' dir='ltr'><em>Varg.</em></span> <span class='ocrx_word' id='word_1_139' title='bbox 1471 2277 1553 2306; x_wconf 85' lang='lat' dir='ltr'><em>Aen.</em></span> <span class='ocrx_word' id='word_1_140' title='bbox 1579 2275 1639 2306; x_wconf 88' lang='lat' dir='ltr'><em>XI</em></span> <span class='ocrx_word' id='word_1_141' title='bbox 1657 2273 1729 2306; x_wconf 83' lang='lat'><em>226</em></span> <span class='ocrx_word' id='word_1_142' title='bbox 1839 2271 1886 2306; x_wconf 82' lang='lat'><em>14</em></span> <span class='ocrx_word' id='word_1_143' title='bbox 1919 2273 2009 2316; x_wconf 76' lang='lat' dir='ltr'><em>Verg.</em></span> 
     </span>
     <span class='ocr_line' id='line_1_29' title="bbox 551 2331 2010 2378; baseline -0.005 -8"><span class='ocrx_word' id='word_1_144' title='bbox 551 2340 630 2370; x_wconf 75' lang='lat' dir='ltr'><em>Aen.</em></span> <span class='ocrx_word' id='word_1_145' title='bbox 657 2339 716 2369; x_wconf 89' lang='lat' dir='ltr'><em>IX</em></span> <span class='ocrx_word' id='word_1_146' title='bbox 729 2337 801 2369; x_wconf 76' lang='lat'><em>168</em></span> <span class='ocrx_word' id='word_1_147' title='bbox 918 2335 964 2369; x_wconf 88' lang='grc'><em>16</em></span> <span class='ocrx_word' id='word_1_148' title='bbox 1005 2337 1095 2378; x_wconf 68' lang='lat' dir='ltr'><em>Wrg.</em></span> <span class='ocrx_word' id='word_1_149' title='bbox 1122 2337 1202 2367; x_wconf 85' lang='lat' dir='ltr'><em>Aen.</em></span> <span class='ocrx_word' id='word_1_150' title='bbox 1229 2335 1317 2366; x_wconf 83' lang='lat' dir='ltr'><em>VIII</em></span> <span class='ocrx_word' id='word_1_151' title='bbox 1336 2344 1407 2374; x_wconf 75' lang='lat'><em>245</em></span> <span class='ocrx_word' id='word_1_152' title='bbox 1527 2331 1572 2366; x_wconf 88' lang='grc'><em>19</em></span> <span class='ocrx_word' id='word_1_153' title='bbox 1611 2333 1701 2376; x_wconf 81' lang='lat' dir='ltr'><em>Verg.</em></span> <span class='ocrx_word' id='word_1_154' title='bbox 1727 2334 1808 2365; x_wconf 85' lang='lat' dir='ltr'><em>Aen.</em></span> <span class='ocrx_word' id='word_1_155' title='bbox 1834 2332 1922 2364; x_wconf 87' lang='lat' dir='ltr'><em>VIII</em></span> <span class='ocrx_word' id='word_1_156' title='bbox 1940 2341 2010 2372; x_wconf 81' lang='lat'><em>251</em></span> 
     </span>
     <span class='ocr_line' id='line_1_30' title="bbox 551 2393 1544 2439; baseline -0.005 -10"><span class='ocrx_word' id='word_1_157' title='bbox 551 2395 595 2429; x_wconf 80' lang='lat'><em>21</em></span> <span class='ocrx_word' id='word_1_158' title='bbox 629 2398 719 2439; x_wconf 83' lang='lat' dir='ltr'><em>Verg.</em></span> <span class='ocrx_word' id='word_1_159' title='bbox 746 2399 826 2428; x_wconf 82' lang='lat' dir='ltr'><em>Aen.</em></span> <span class='ocrx_word' id='word_1_160' title='bbox 853 2397 917 2428; x_wconf 89' lang='lat' dir='ltr'><em>III</em></span> <span class='ocrx_word' id='word_1_161' title='bbox 934 2397 1005 2437; x_wconf 79' lang='lat'><em>489</em></span> <span class='ocrx_word' id='word_1_162' title='bbox 1102 2393 1147 2427; x_wconf 84' lang='lat'><em>23</em></span> <span class='ocrx_word' id='word_1_163' title='bbox 1181 2395 1269 2436; x_wconf 76' lang='lat' dir='ltr'><em>Verg.</em></span> <span class='ocrx_word' id='word_1_164' title='bbox 1297 2396 1378 2426; x_wconf 79' lang='lat' dir='ltr'><em>Aen.</em></span> <span class='ocrx_word' id='word_1_165' title='bbox 1405 2394 1455 2425; x_wconf 86' lang='lat' dir='ltr'><em>VI</em></span> <span class='ocrx_word' id='word_1_166' title='bbox 1475 2400 1544 2434; x_wconf 76' lang='lat'><em>794</em></span> 
     </span>
    </p>
   </div>
   <div class='ocr_carea' id='block_1_5' title="bbox 551 2509 2015 2784">
    <p class='ocr_par' dir='ltr' id='par_1_5' title="bbox 551 2509 2015 2784">
     <span class='ocr_line' id='line_1_31' title="bbox 670 2509 2009 2555; baseline -0.004 -8"><span class='ocrx_word' id='word_1_167' title='bbox 670 2513 692 2548; x_wconf 84' lang='lat'>2</span> <span class='ocrx_word' id='word_1_168' title='bbox 731 2516 822 2547; x_wconf 78' lang='lat' dir='ltr'><em>cultu</em></span> <span class='ocrx_word' id='word_1_169' title='bbox 848 2516 923 2547; x_wconf 80' lang='lat' dir='ltr'><em>add.</em></span> <span class='ocrx_word' id='word_1_170' title='bbox 950 2515 1032 2546; x_wconf 79' lang='lat' dir='ltr'><em>Keil</em></span> <span class='ocrx_word' id='word_1_171' title='bbox 1149 2512 1170 2545; x_wconf 83' lang='lat'><strong>3</strong></span> <span class='ocrx_word' id='word_1_172' title='bbox 1209 2513 1463 2555; x_wconf 85' lang='lat' dir='ltr'><em>praepositione</em></span> <span class='ocrx_word' id='word_1_173' title='bbox 1488 2512 1605 2543; x_wconf 84' lang='lat' dir='ltr'><em>addidi</em></span> <span class='ocrx_word' id='word_1_174' title='bbox 1627 2522 1668 2542; x_wconf 84' lang='lat' dir='ltr'><em>ex</em></span> <span class='ocrx_word' id='word_1_175' title='bbox 1693 2511 1807 2542; x_wconf 79' lang='lat' dir='ltr'><em>Diam.</em></span> <span class='ocrx_word' id='word_1_176' title='bbox 1837 2509 1842 2552; x_wconf 85' lang='grc' dir='ltr'>Ι</span> <span class='ocrx_word' id='word_1_177' title='bbox 1871 2515 1908 2541; x_wconf 87' lang='lat' dir='ltr'><em>ut</em></span> <span class='ocrx_word' id='word_1_178' title='bbox 1933 2510 2009 2541; x_wconf 79' lang='lat' dir='ltr'><em>add.</em></span> 
     </span>
     <span class='ocr_line' id='line_1_32' title="bbox 551 2566 2015 2615; baseline -0.005 -8"><span class='ocrx_word' id='word_1_179' title='bbox 551 2576 634 2607; x_wconf 73' lang='lat' dir='ltr'><em>Keil</em></span> <span class='ocrx_word' id='word_1_180' title='bbox 654 2587 669 2607; x_wconf 83' lang='lat' dir='ltr'><em>e</em></span> <span class='ocrx_word' id='word_1_181' title='bbox 693 2576 806 2607; x_wconf 80' lang='lat' dir='ltr'><em>Diam.</em></span> <span class='ocrx_word' id='word_1_182' title='bbox 954 2573 971 2606; x_wconf 83' lang='lat'><strong>7</strong></span> <span class='ocrx_word' id='word_1_183' title='bbox 1016 2573 1152 2615; x_wconf 86' lang='lat' dir='ltr'><em>ponitur</em></span> <span class='ocrx_word' id='word_1_184' title='bbox 1183 2577 1215 2604; x_wconf 86' lang='lat' dir='ltr'><em>et</em></span> <span class='ocrx_word' id='word_1_185' title='bbox 1241 2582 1302 2614; x_wconf 92' lang='lat' dir='ltr'><em>pro</em></span> <span class='ocrx_word' id='word_1_186' title='bbox 1329 2572 1464 2613; x_wconf 87' lang='lat' dir='ltr'><em>insuper</em></span> <span class='ocrx_word' id='word_1_187' title='bbox 1494 2571 1608 2602; x_wconf 75' lang='lat' dir='ltr'><em>Diem.</em></span> <span class='ocrx_word' id='word_1_188' title='bbox 1754 2567 1777 2603; x_wconf 89' lang='grc'>8</span> <span class='ocrx_word' id='word_1_189' title='bbox 1818 2566 1887 2612; x_wconf 86' lang='lat' dir='ltr'><em>cui]</em></span> <span class='ocrx_word' id='word_1_190' title='bbox 1913 2569 1962 2600; x_wconf 88' lang='lat' dir='ltr'><em>tui</em></span> <span class='ocrx_word' id='word_1_191' title='bbox 1989 2569 2015 2600; x_wconf 93' lang='lat' dir='ltr'><em>S</em></span> 
     </span>
     <span class='ocr_line' id='line_1_33' title="bbox 552 2628 2009 2677; baseline -0.005 -11"><span class='ocrx_word' id='word_1_192' title='bbox 552 2633 574 2667; x_wconf 88' lang='grc'><strong>9</strong></span> <span class='ocrx_word' id='word_1_193' title='bbox 599 2633 734 2677; x_wconf 84' lang='lat' dir='ltr'><em>infensi]</em></span> <span class='ocrx_word' id='word_1_194' title='bbox 761 2635 795 2665; x_wconf 90' lang='lat' dir='ltr'><em>in</em></span> <span class='ocrx_word' id='word_1_195' title='bbox 822 2645 857 2666; x_wconf 87' lang='lat' dir='ltr'><em>se</em></span> <span class='ocrx_word' id='word_1_196' title='bbox 882 2634 910 2665; x_wconf 90' lang='lat' dir='ltr'><em>si</em></span> <span class='ocrx_word' id='word_1_197' title='bbox 936 2635 962 2665; x_wconf 97' lang='lat' dir='ltr'><em>S</em></span> <span class='ocrx_word' id='word_1_198' title='bbox 1055 2631 1095 2665; x_wconf 93' lang='grc'><em>11</em></span> <span class='ocrx_word' id='word_1_199' title='bbox 1126 2632 1241 2673; x_wconf 84' lang='lat' dir='ltr'><em>magui</em></span> <span class='ocrx_word' id='word_1_200' title='bbox 1266 2632 1379 2663; x_wconf 78' lang='lat' dir='ltr'><em>Diam.</em></span> <span class='ocrx_word' id='word_1_201' title='bbox 1477 2629 1524 2663; x_wconf 85' lang='lat'><em>13</em></span> <span class='ocrx_word' id='word_1_202' title='bbox 1549 2630 1591 2661; x_wconf 88' lang='lat' dir='ltr'><em>de</em></span> <span class='ocrx_word' id='word_1_203' title='bbox 1607 2629 1670 2661; x_wconf 85' lang='lat' dir='ltr'><em>sub</em></span> <span class='ocrx_word' id='word_1_204' title='bbox 1690 2630 1718 2661; x_wconf 91' lang='lat' dir='ltr'><em>S</em></span> <span class='ocrx_word' id='word_1_205' title='bbox 1736 2629 1879 2671; x_wconf 83' lang='lat' dir='ltr'><em>desuper</em></span> <span class='ocrx_word' id='word_1_206' title='bbox 1894 2628 2009 2660; x_wconf 75' lang='lat' dir='ltr'><em>Diam.</em></span> 
     </span>
     <span class='ocr_line' id='line_1_34' title="bbox 552 2685 2010 2735; baseline -0.005 -9"><span class='ocrx_word' id='word_1_207' title='bbox 552 2691 598 2726; x_wconf 82' lang='grc'><em>14</em></span> <span class='ocrx_word' id='word_1_208' title='bbox 623 2694 711 2725; x_wconf 87' lang='lat' dir='ltr'><em>ualle</em></span> <span class='ocrx_word' id='word_1_209' title='bbox 731 2695 757 2726; x_wconf 90' lang='lat' dir='ltr'><em>S</em></span> <span class='ocrx_word' id='word_1_210' title='bbox 849 2692 896 2727; x_wconf 88' lang='grc'><em>16</em></span> <span class='ocrx_word' id='word_1_211' title='bbox 921 2691 1102 2735; x_wconf 84' lang='lat' dir='ltr'><em>baratrum]</em></span> <span class='ocrx_word' id='word_1_212' title='bbox 1123 2697 1280 2734; x_wconf 83' lang='lat' dir='ltr'><em>pacatum</em></span> <span class='ocrx_word' id='word_1_213' title='bbox 1299 2691 1324 2722; x_wconf 91' lang='lat' dir='ltr'><em>S</em></span> <span class='ocrx_word' id='word_1_214' title='bbox 1417 2688 1463 2722; x_wconf 82' lang='lat'><em>19</em></span> <span class='ocrx_word' id='word_1_215' title='bbox 1491 2689 1581 2720; x_wconf 89' lang='lat' dir='ltr'><em>enim</em></span> <span class='ocrx_word' id='word_1_216' title='bbox 1600 2689 1676 2720; x_wconf 83' lang='lat' dir='ltr'><em>add.</em></span> <span class='ocrx_word' id='word_1_217' title='bbox 1693 2688 1778 2720; x_wconf 86' lang='lat' dir='ltr'><em>Keil</em></span> <span class='ocrx_word' id='word_1_218' title='bbox 1861 2685 1908 2720; x_wconf 76' lang='grc'><em>24</em></span> <span class='ocrx_word' id='word_1_219' title='bbox 1932 2697 2010 2729; x_wconf 88' lang='lat' dir='ltr'><em>pro-</em></span> 
     </span>
     <span class='ocr_line' id='line_1_35' title="bbox 553 2753 704 2784; baseline 0.007 -1"><span class='ocrx_word' id='word_1_220' title='bbox 553 2753 652 2784; x_wconf 86' lang='lat' dir='ltr'><em>ferret</em></span> <span class='ocrx_word' id='word_1_221' title='bbox 678 2754 704 2784; x_wconf 92' lang='lat' dir='ltr'><em>S</em></span> 
     </span>
    </p>
   </div>
  </div>
 </body>
</html>
