2164 3471
1593 366 1656 394 XV

193 466 319 510 Unde
363 465 573 519 efficitur,
616 469 665 508 ut
709 466 839 509 lectio
873 473 977 527 μετὰ
1010 469 1147 512 ἄλλων
1179 469 1371 523 genuina
1403 470 1473 513 sit.
1535 474 1662 515 Κατά

191 537 459 591 praepositio
492 540 638 580 autem
672 550 933 591 quamquam
964 539 1248 592 posteriorem
1282 560 1308 585 α
1335 542 1536 585 servavit
1557 545 1662 585 ante

192 608 387 654 vocalem
417 608 573 651 XLIII
596 609 621 649 2
655 608 784 664 (κατὰ
817 609 976 670 ἄκρον),
1016 613 1165 654 tamen
1196 612 1388 655 Keilium
1418 612 1502 656 XL
1525 615 1549 655 5
1582 627 1661 667 pro

191 681 362 724 tradita
402 679 590 723 lectione
632 685 833 726 καταδιαν
874 685 995 724 recte
1036 685 1129 726 κατ’
1159 686 1261 727 ἰδίαν
1298 696 1384 727 non
1415 690 1527 730 κατὰ
1558 689 1661 730 ἰδίαν

191 751 418 806 scripsisse
458 750 697 795 verisimile
739 752 845 794 mihi
887 757 954 795 est
985 753 1142 796 XLIII
1165 755 1189 796 3
1228 755 1274 797 in
1306 756 1504 799 omnibus
1534 756 1660 800 libris

190 822 499 876 manuscriptis
514 824 606 868 κατ’
628 826 730 868 ἰδίαν
748 827 923 868 exstare
938 825 1177 878 reputanti.
1228 826 1343 870 XIX
1361 828 1385 869 2
1409 830 1486 872 ἀπὸ
1504 831 1658 873 Αἰνείου

191 900 238 940 et
276 894 456 938 XXVII
487 895 514 935 4
563 897 638 939 ἀπὸ
687 898 953 956 ἐπιρρήματος
998 897 1044 939 in
1092 918 1121 941 ω
1170 898 1344 941 obviam
1385 898 1516 953 fiunt,
1564 912 1659 942 cum

190 970 346 1022 postea
376 966 543 1019 scripta
575 966 666 1009 sint
700 969 766 1028 ἀφ’
796 973 907 1029 ἡμῶν
928 968 1063 1011 XXX
1087 971 1108 1010 1
1145 972 1212 1030 ἀφ’
1243 974 1349 1030 ὑμῶν
1380 970 1515 1013 XXX
1537 972 1562 1012 2
1593 974 1661 1033 ἀφ’

189 1042 336 1086 ἑαυτοῦ
369 1044 437 1102 ἀφ’
467 1045 615 1099 ἑαυτῆς
648 1047 715 1105 ἀφ’
745 1046 899 1088 ἑαυτῶν
930 1040 1131 1084 XXXIV
1154 1042 1192 1084 7.

307 1112 495 1157 Praeter
525 1115 870 1168 praepositiones
899 1117 1011 1157 ἀλλά
1033 1112 1278 1156 coniunctio
1301 1114 1436 1168 digna
1457 1116 1526 1156 est
1547 1126 1659 1167 quae

188 1184 463 1238 respiciatur.
524 1186 592 1229 De
622 1187 750 1229 huius
783 1186 961 1229 elisione
993 1184 1103 1227 nihil
1136 1185 1247 1228 certi
1278 1185 1417 1228 statui
1448 1197 1573 1239 posse
1605 1197 1658 1228 ex

188 1256 309 1300 hisce
338 1256 446 1300 locis
477 1257 700 1301 discimus:

511 1329 576 1371 IV
609 1331 633 1372 3
698 1333 811 1374 ἀλλὰ
842 1333 881 1373 ἐν
913 1332 1074 1380 ἐκείνοις
1104 1327 1160 1369 Η

697 1403 789 1446 ἀλλ’
822 1405 861 1445 ἐν
893 1404 1053 1452 ἐκείνοις
1085 1398 1121 1441 S

463 1472 573 1515 XVI
607 1475 631 1515 3
696 1476 790 1517 ἀλλ’
822 1474 915 1517 οὔτε
947 1470 983 1513 S

417 1543 573 1587 XXVI
607 1546 631 1587 3
696 1548 809 1589 ἀλλὰ
841 1546 1045 1603 ὑπερτιθεῖ
1075 1558 1104 1582 ω

697 1619 790 1660 ἀλλ’
822 1618 1019 1675 ὑπερτιῦῶ
1053 1631 1082 1653 ω

396 1687 576 1730 XXVII
608 1690 633 1729 4
697 1691 810 1732 ἀλλὰ
842 1690 919 1732 ἀπό
953 1704 982 1727 ω

608 1761 632 1801 6
697 1762 791 1803 ἀλλ’
823 1762 930 1819 ὅμως
963 1775 993 1798 ω

368 1830 572 1873 XXVIII
607 1832 627 1872 1
694 1834 807 1875 ἀλλὰ
839 1831 957 1882 οῧτος
987 1828 1110 1870 ΗΜ

696 1905 789 1946 ἀλλ’
820 1903 938 1954 οὗτος
970 1900 1007 1942 S

305 1976 417 2019 τοῦτ’
436 1976 544 2019 ἔστιν
567 1973 795 2027 quinquies
817 1973 1056 2027 reperimus
1072 1973 1141 2016 XI
1158 1974 1178 2015 1
1199 1972 1337 2015 XXII
1355 1974 1380 2015 5
1397 1971 1553 2015 XXIV
1573 1973 1610 2015 2.
1628 1974 1653 2014 3

182 2044 363 2088 XXVII
384 2047 423 2088 4.
485 2045 568 2089 His
611 2045 648 2088 si
690 2044 908 2088 addideris
950 2047 1065 2089 τοῦθ’
1097 2047 1188 2104 ὅπερ
1222 2045 1262 2086 V
1287 2046 1330 2098 5,
1373 2043 1449 2086 ubi
1480 2043 1652 2086 Keilius

182 2116 294 2160 falso
327 2120 439 2162 τοῦτ’
460 2120 552 2177 ὅπερ
575 2117 762 2171 scripsit,
791 2119 925 2169 atque
947 2118 1034 2160 ἔσθ’
1056 2119 1125 2160 ὅτε
1147 2115 1259 2158 VIII
1282 2117 1306 2157 3
1331 2118 1377 2158 et
1397 2115 1602 2158 XXXIX
1625 2116 1650 2156 3

182 2188 252 2232 bis
277 2188 479 2244 positum,
501 2188 591 2231 alia
613 2188 803 2231 elisionis
827 2187 1023 2241 exempla
1047 2200 1100 2230 ex
1123 2190 1221 2230 arte
1238 2186 1438 2229 Dosithei
1454 2186 1547 2240 peti
1562 2186 1650 2228 iam

182 2272 268 2304 non
299 2263 519 2313 poterunt.

301 2332 552 2375 Proximum
585 2335 664 2387 est,
696 2335 747 2374 ut
777 2332 951 2386 κράσεως
983 2343 1094 2382 quae
1125 2333 1310 2374 vocatur
1332 2329 1530 2382 exempla
1552 2341 1649 2382 pro-

181 2403 386 2448 feramus
438 2404 561 2458 Quae
581 2416 667 2446 non
688 2403 756 2446 ita
775 2402 916 2445 multa
937 2405 1050 2444 sunt.
1102 2401 1252 2444 Habes
1274 2401 1434 2455 igitur:
1467 2400 1602 2443 XVII
1625 2402 1651 2441 4

180 2478 413 2521 τούναντίον
454 2501 513 2505 —-
544 2475 723 2518 XXVII
747 2476 770 2516 7
804 2474 850 2516 in
883 2495 912 2518 ω
947 2476 1013 2516 est
1045 2477 1090 2518 ἐκ
1112 2482 1185 2518 τοῦ
1217 2476 1395 2517 ἐναντίου
1429 2498 1486 2500 —
1518 2471 1601 2513 XL
1625 2473 1649 2513 3

180 2550 422 2593 τούντεῦθεν
456 2548 480 2589 5
526 2550 579 2599 εἷς
620 2550 794 2591 τούπίσω
826 2546 889 2588 LI
922 2547 959 2587 6.
994 2547 1019 2587 9
1052 2547 1139 2589 κᾶν.
1202 2544 1327 2599 Quod
1358 2555 1462 2586 vero
1495 2543 1518 2584 I
1548 2544 1569 2584 1
1604 2542 1650 2584 in

180 2618 226 2662 H
241 2618 433 2662 occurrit
448 2636 751 2678 καναγνωσεων,
772 2618 886 2660 hanc
902 2617 1085 2659 formam
1103 2629 1126 2659 e
1142 2635 1175 2677 γὲ,
1189 2616 1262 2671 (Ξ
1280 2614 1366 2670 καί)
1385 2618 1649 2674 ἀναγνωσεων

183 2692 325 2734 ortam
367 2702 461 2733 esse
501 2690 714 2743 probatur
756 2689 902 2732 codice
933 2688 962 2732 S
1005 2707 1074 2733 και
1106 2705 1370 2747 αναγνωσεως
1402 2685 1649 2729 exhibente.

301 2777 325 2801 ν
357 2762 471 2814 quod
503 2761 663 2804 dicitur
683 2760 963 2811 ἐφελκυστικόν
984 2758 1256 2813 paucissimis
1278 2758 1506 2801 absolvere
1526 2756 1651 2800 nobis

180 2833 298 2876 licet.
348 2833 526 2876 Etenim
559 2845 653 2875 cum
687 2831 871 2884 amplius
904 2835 1076 2874 centum
1109 2829 1395 2884 septuaginta
1416 2829 1647 2872 verborum
