2164 3471
1615 357 1666 384 IX

197 464 469 520 cognationis
490 463 665 507 vinculo
689 462 914 506 contineri.
968 460 1090 515 Quae
1112 461 1334 505 sententia
1356 461 1489 504 etiam
1511 463 1666 503 mirum

196 539 405 591 quantum
449 547 502 578 ea
532 548 581 578 re
613 534 914 587 confirmatur,
953 534 1067 586 quod
1099 533 1387 576 Harleianum
1420 545 1590 586 quoque
1622 538 1668 575 et

195 609 500 652 Monacensem
530 606 577 649 in
608 605 872 649 monasterio
895 605 1048 648 Sancti
1070 604 1189 648 Galli
1212 608 1417 648 exaratos
1440 617 1533 647 esse
1554 605 1668 647 idem

195 681 267 724 vir
308 680 460 723 doctus
501 677 747 720 manifestis
777 677 898 720 nisus
930 676 1102 719 indiciis
1134 676 1447 730 comprobavit.
1509 676 1667 729 Itaque

195 752 440 805 scripturae
470 749 636 792 mendis
668 753 802 802 atque
832 748 1002 791 lacunis
1035 748 1272 802 diligenter
1303 747 1528 801 perpensis
1557 748 1667 790 Mus.

195 824 316 867 rhen.
362 822 445 867 vol.
482 821 686 865 XXXIX
727 834 767 874 p.
801 821 888 862 348
940 820 1022 862 hoc
1075 823 1258 863 stemma
1309 819 1493 874 proponi
1543 831 1668 871 posse

197 894 442 938 contendit:

916 965 945 994 x

815 1006 1041 1112 lez

806 1118 1115 1196 S'HM

316 1273 369 1316 Id
401 1285 569 1327 quoque
599 1272 761 1316 ibidem
793 1276 914 1315 recte
947 1271 1265 1315 animadvertit
1292 1270 1538 1324 singulares
1561 1269 1667 1312 San-

197 1342 406 1399 gallensis
442 1344 652 1388 lectiones
682 1357 770 1387 non
799 1348 892 1387 tam
924 1356 1060 1398 prope
1093 1345 1300 1386 accedere
1331 1343 1388 1385 ad
1419 1341 1608 1384 codicem
1640 1353 1669 1394 y

197 1429 327 1469 quam
348 1417 559 1460 lectiones
575 1416 803 1462 Harleiani
825 1419 870 1459 et
887 1415 1161 1459 Monacensis
1182 1415 1301 1457 inter
1317 1426 1363 1457 se
1381 1416 1670 1467 congruentes

197 1489 254 1531 ad
285 1488 475 1531 codicem
506 1503 529 1531 z
562 1501 703 1541 neque
734 1491 883 1531 tamen
905 1489 992 1530 dici
1013 1500 1139 1541 posse
1160 1487 1283 1529 illum
1305 1498 1476 1539 semper
1496 1484 1669 1538 longius

197 1561 254 1603 ab
286 1561 527 1615 archetypo
560 1561 712 1603 abesse
745 1572 874 1613 quam
906 1560 996 1602 hos.

318 1631 424 1675 Cum
470 1644 575 1676 vero
622 1632 910 1675 Harleianum
958 1635 1002 1674 et
1049 1631 1356 1674 Monacensem
1403 1629 1522 1671 haud
1567 1641 1668 1671 raro

196 1703 313 1746 inter
335 1715 382 1746 se
404 1703 580 1747 differre
601 1706 768 1758 pateat,
800 1703 1010 1757 sequitur,
1042 1706 1092 1745 ut
1113 1714 1371 1755 unoquoque
1397 1701 1490 1744 loco
1514 1699 1669 1742 diiudi-

197 1776 381 1818 candum
412 1776 472 1818 sit
504 1776 628 1819 cuius
660 1776 818 1819 codicis
851 1775 1094 1818 auctoritas
1125 1786 1293 1817 summa
1326 1785 1419 1816 esse
1451 1772 1668 1816 videatur.

317 1847 555 1890 Maximam
597 1850 744 1890 autem
788 1847 1092 1890 difficultatem
1135 1847 1191 1889 ad
1222 1845 1414 1899 genuina
1445 1844 1670 1898 scriptoris

196 1919 336 1962 verba
365 1918 618 1973 indaganda
649 1919 841 1962 afferunt
874 1932 926 1962 ea
958 1931 1070 1972 quae
1103 1918 1155 1961 de
1188 1917 1481 1960 declinatione
1512 1928 1668 1969 prono-

195 1991 358 2033 minum
400 1990 618 2044 capitibus
655 1991 1050 2033 XXX—XXXIV
1093 1990 1344 2032 traduntur.
1418 1986 1542 2042 Quod
1585 1999 1666 2040 quo

194 2062 349 2105 melius
384 2061 698 2117 intellegatur,
740 2062 850 2105 satis
903 2062 989 2105 erit
1020 2075 1151 2104 unum
1185 2060 1428 2114 exemplum
1460 2059 1667 2113 posuisse.

195 2134 333 2177 Sexta
383 2133 523 2188 igitur
573 2134 785 2177 tricesimi
833 2134 1018 2177 alterius
1063 2133 1221 2187 capitis
1271 2131 1579 2186 paragraphus
1622 2130 1668 2172 in

195 2205 474 2260 Sangallensi
513 2206 579 2248 ita
623 2209 770 2248 extat:
813 2210 953 2258 ἰσιλλος
996 2210 1125 2250 <inho
1167 2223 1237 2249 και
1279 2208 1388 2259 αλλη
1432 2207 1564 2258 αλλης
1601 2221 1669 2246 και

197 2282 303 2322 αλλο
352 2281 483 2323 αλλου
532 2277 645 2321 alius
693 2277 783 2320 alia
825 2278 945 2320 aliud
985 2277 1042 2331 pl.
1086 2281 1208 2322 αλλοι
1252 2280 1390 2321 αλλων
1431 2293 1500 2319 και
1542 2278 1670 2318 αλλαι

198 2353 336 2394 αλλων
377 2367 448 2394 και
489 2353 602 2394 αλλα
644 2354 782 2394 αλλων
821 2349 898 2392 alii
930 2348 1045 2392 aliae
1078 2348 1198 2402 alia’3
1240 2348 1317 2391 sed
1347 2347 1393 2390 in
1425 2345 1666 2388 Harleiano

197 2424 243 2463 et
273 2420 320 2463 in
351 2420 605 2464 Monacensi
635 2421 746 2463 haec
777 2421 1083 2464 inveniuntur:

531 2494 578 2547 U
599 2504 631 2559 ¹)
700 2504 812 2547 alius
995 2504 1107 2547 alius

702 2580 829 2629 αλλος
999 2580 1127 2620 aanor)

701 2647 789 2690 alia
995 2647 1107 2690 alius

704 2724 812 2776 Ἄλλη
998 2724 1127 2775 αλλης
