2148 3407
411 334 478 361 XII

527 436 611 478 Sed
633 435 740 476 haec
760 434 992 485 hactenus3
1024 444 1138 474 nunc
1161 432 1218 473 ad·
1237 429 1644 483 interpretationem
1666 440 1868 482 graecam

410 505 787 558 contemplandam
818 506 1101 546 transeamus.
1154 502 1268 556 Quin
1299 501 1426 543 huius
1457 503 1610 543 auctor
1636 499 1870 542 Dositheus

409 579 501 632 ipse
533 577 678 630 fuerit,
710 576 797 618 iam
829 574 1005 617 dubium
1038 585 1132 616 esse
1161 585 1247 615 non
1278 574 1444 626 potest,
1488 571 1690 624 quoniam
1720 570 1870 612 latinis

411 648 557 693 verbis
589 646 829 691 Cominiani
870 648 1009 688 artem
1048 643 1301 687 adumbrari
1332 643 1563 686 docuimus.
1630 640 1780 694 «Sed»,
1820 646 1872 683 ut

412 719 546 762 Keilii
592 718 741 762 verbis
787 719 910 771 utar,
964 715 1137 769 «primis
1185 718 1356 757 tantum
1403 713 1512 756 artis
1558 711 1872 767 grammaticae

412 790 612 844 partibus
633 789 809 842 integra
829 787 1139 840 interpretatio
1164 786 1316 828 addita
1338 787 1422 838 est3
1445 788 1544 838 post
1561 788 1872 841 expositionem

410 861 594 904 nominis
638 872 797 913 graeca
838 859 977 902 verba
1007 858 1190 911 primum
1221 857 1524 911 neglegentius
1555 858 1707 901 latinis
1736 859 1871 901 inter-

411 932 565 986 posita,
597 931 752 974 deinde
784 942 959 982 prorsus
990 929 1149 971 omissa
1170 930 1312 971 sunt».
1365 926 1487 981 Quod
1508 932 1652 972 utrum
1675 930 1874 972 Dosithei

412 1002 588 1046 consilio
633 1015 689 1044 an
730 1001 899 1044 incuria
930 1000 1208 1042 librariorum
1240 999 1406 1041 factum
1438 999 1497 1041 sit
1529 1000 1759 1043 diiudicari
1790 1013 1875 1044 non

414 1076 567 1127 potest.
629 1073 738 1115 Mihi
771 1072 941 1125 quidem
973 1072 1055 1114 hoc
1086 1070 1356 1124 probabilius
1387 1070 1563 1113 videtur
1595 1084 1725 1124 quam
1755 1072 1874 1115 illud.

531 1146 627 1199 Qua
668 1156 772 1188 vero
816 1146 966 1186 aetate
1007 1142 1204 1185 floruerit
1239 1141 1495 1195 Dositheus,
1537 1145 1587 1184 ut
1628 1143 1876 1186 accuratius

415 1216 698 1270 definiremus,
730 1215 853 1257 nobis
873 1215 1060 1257 nondum
1083 1212 1280 1267 contigit.
1332 1212 1520 1255 Natione
1543 1212 1758 1256 Graecum
1780 1226 1877 1257 eum

415 1287 548 1330 fuisse
595 1299 690 1329 cum
737 1298 814 1339 per
862 1298 907 1328 se
955 1285 1014 1327 sit
1062 1284 1422 1328 verisimillimum
1465 1287 1557 1326 tum
1599 1284 1878 1328 confirmatur

416 1359 520 1401 locis
563 1357 803 1411 nonnullis,
845 1357 969 1400 velut
1011 1355 1155 1409 capite
1196 1355 1414 1398 tricesimo
1456 1355 1624 1410 quinto,
1668 1367 1751 1408 quo
1794 1360 1880 1416 περὶ

415 1433 638 1482 συνθέσεως
665 1434 933 1489 μεσοπτώτων
956 1430 1165 1487 ὀνομάτων
1191 1438 1333 1479 pauca
1355 1426 1525 1468 addidit
1546 1438 1707 1480 graeca
1727 1426 1880 1481 lingua

415 1512 529 1555 usus,
561 1503 607 1543 et
637 1500 786 1543 verbis
808 1511 920 1551 quae
941 1499 1107 1551 scripta
1127 1497 1323 1541 videmus
1344 1497 1388 1539 X
1412 1499 1461 1539 5:
1496 1503 1548 1550 ὡς
1574 1502 1687 1558 ἡμεῖς
1706 1502 1881 1559 λέγομεν

414 1580 773 1632 καταχρηστικῶς;
808 1570 861 1613 cf.
893 1569 1074 1612 XXXII
1097 1570 1123 1610 4
1156 1574 1211 1613 τὰ
1231 1573 1279 1613 ’δὲ
1301 1571 1495 1624 ἑλληνικά
1514 1576 1587 1613 τοῦ
1609 1572 1880 1625 πληθυντικοῦ

418 1652 573 1698 ταῦτα,
623 1644 674 1685 16
709 1646 843 1687 ὁποῖον
882 1646 931 1685 δὲ
973 1645 1106 1686 ὁποίου
1151 1643 1190 1684 ἐν
1229 1647 1314 1692 τοῖς
1354 1643 1567 1700 ῥ<ι>μαϊκοῒς
1611 1644 1655 1685 οὐ
1687 1645 1879 1697 κλίνεται,

421 1715 612 1757 hXVIII
645 1715 670 1756 5
708 1715 851 1756 ‘sexus
891 1717 939 1757 δὲ
979 1717 1120 1772 κυρίως
1162 1715 1223 1756 ἐπὶ
1259 1720 1454 1771 γυναικῶν
1485 1714 1674 1770 λέγεταΰ,
1719 1711 1806 1755 alia
1835 1712 1881 1755 id

417 1798 563 1839 genus.
627 1784 741 1839 Quin
786 1785 918 1827 etiam
960 1784 1052 1837 ipse
1083 1783 1273 1836 patriam
1304 1794 1425 1824 suam
1458 1782 1634 1825 videtur
1664 1782 1879 1837 significa-

417 1857 548 1911 visse,
593 1869 687 1899 cum
719 1856 830 1898 XXI
866 1857 887 1897 1
932 1867 1010 1908 pro
1053 1854 1260 1907 exemplis
1293 1865 1405 1905 quae
1437 1853 1554 1906 apud
1586 1853 1881 1897 Cominianum

416 1928 648 1971 invenerat
687 1927 828 1981 ‘Afer,
875 1927 1032 1969 Dacus’
1078 1938 1153 1968 suo
1196 1925 1343 1967 Marte
1389 1928 1499 1985 Φρύξ
1543 1929 1738 1981 Γαλάτης
1782 1926 1880 1969 sub-

417 1999 635 2043 stitueret.
699 1998 845 2052 Quare
887 2010 982 2040 eum
1027 2009 1080 2039 ex
1122 1996 1231 2039 Asia
1268 1996 1437 2039 Minore
1478 1996 1705 2039 oriundum
1748 1997 1883 2040 fuisse

418 2069 669 2112 coniectura
711 2070 843 2112 ducor
885 2070 940 2111 ad
983 2068 1297 2121 suspicandum.
1360 2068 1506 2120 Atque
1539 2067 1882 2111 Christianorum

418 2141 658 2183 doctrinam
702 2153 797 2183 eum
829 2140 1069 2193 professum
1103 2151 1196 2181 esse
1227 2139 1312 2180 iam
1345 2138 1466 2193 libri,
1499 2139 1573 2192 qui
1605 2139 1882 2182 Cominianus

418 2212 694 2266 inscribitur,
736 2225 775 2264 p.
799 2213 855 2253 96
889 2211 1082 2253 disserui.
1145 2210 1307 2264 Quodsi
1346 2210 1441 2263 quis
1473 2210 1720 2253 coniectare
1751 2220 1882 2254 ausus

419 2283 504 2325 erit
525 2283 855 2337 grammaticum
879 2283 1060 2325 eundem
1077 2294 1170 2324 esse
1188 2284 1321 2334 atque
1337 2281 1605 2336 Dositheum,
1627 2282 1881 2335 scriptorem

419 2354 758 2397 ecclesiasticum
799 2354 844 2396 in
877 2353 1030 2396 Cilicia
1071 2356 1244 2406 natum,
1290 2352 1409 2395 cuius
1447 2355 1571 2395 aetas
1601 2352 1647 2395 in
1679 2356 1880 2405 quartum

419 2426 636 2468 saeculum
694 2425 787 2468 fere
839 2425 1024 2467 medium
1076 2423 1256 2477 incidit,
1314 2425 1367 2465 de
1418 2436 1500 2476 quo
1553 2423 1605 2466 cf.
1657 2423 1882 2467 Juelicher

420 2496 556 2540 PWR
590 2497 629 2538 V
662 2510 701 2549 p.
736 2497 871 2551 1609,
917 2497 1114 2548 equidem
1145 2508 1231 2537 non
1263 2495 1539 2549 repugnabo,
1581 2498 1880 2539 verumtamen

420 2580 446 2609 a
467 2580 515 2609 re
536 2567 706 2609 incerta
723 2568 1019 2610 adsensionem
1037 2567 1257 2620 cohibebo,
1280 2567 1378 2608 dum
1395 2567 1605 2620 graviora
1622 2568 1880 2621 argumenta

421 2638 560 2680 allata
591 2639 689 2681 sint.

539 2709 770 2752 Rationem
818 2723 843 2752 a
887 2710 1096 2752 Dositheo
1142 2709 1187 2751 in
1234 2709 1380 2752 verbis
1427 2708 1597 2763 graecis
1644 2707 1878 2759 latinisque

422 2779 682 2823 collocandis
713 2784 958 2833 susceptam
980 2780 1282 2823 Krumbacher
1302 2780 1411 2823 Mus.
1432 2780 1551 2822 rhen.
1573 2778 1656 2822 vol.
1678 2778 1877 2821 XXXIX
