2148 3407
438 325 518 353 XIV

558 428 901 470 Consentaneum
924 430 990 468 est
1013 438 1119 479 eum,
1143 426 1215 478 qui
1236 439 1321 468 non
1344 430 1447 468 ante
1464 429 1667 477 quartum
1685 439 1724 480 p.
1742 426 1838 469 Chr.
1855 439 1895 469 n.

439 498 657 541 saeculum
699 497 885 539 medium
926 496 1084 551 fuerit,
1126 508 1213 538 non
1255 497 1436 539 solidam
1479 500 1611 548 atque
1649 509 1897 550 expressam

440 569 603 612 atticae
633 568 810 622 linguae
840 567 1073 620 imaginem
1103 568 1296 621 reddere,
1328 568 1404 609 sed
1434 567 1567 610 talem
1590 580 1693 620 prae
1715 580 1760 610 se
1781 567 1898 610 ferre

440 652 699 694 sermonem,
743 637 914 692 qualem
959 638 1118 680 eruditi
1159 638 1205 680 id
1253 639 1415 681 aetatis
1455 638 1648 681 homines
1691 638 1899 681 adhibere

440 712 767 753 consueverant.
825 709 950 763 Quod
981 721 1110 761 quam
1141 708 1232 752 late
1263 712 1419 762 pateat
1448 722 1562 752 nunc
1583 709 1758 762 omitt03
1790 709 1899 751 satis

439 781 578 823 habeo
620 792 952 823 commemorare
995 780 1189 834 singula,
1233 792 1345 832 quae
1386 783 1435 822 ut
1473 793 1557 823 uno
1589 780 1634 822 in
1667 783 1899 833 conspectu

441 852 665 896 videamus
697 851 892 904 optabile
923 854 1001 893 est.

556 934 702 986 Atque
743 937 793 976 ut
833 934 933 976 inde
977 933 1199 987 exordiar,
1241 950 1255 973 ι
1295 933 1577 986 ἀνεκφώνητον
1621 934 1764 977 tribus
1795 934 1900 977 locis

440 1008 661 1048 servatam
695 1004 1051 1057 deprehendimus
1082 1005 1149 1046 bis
1171 1003 1216 1046 in
1238 1004 1281 1045 H
1303 1003 1348 1045 II
1373 1005 1394 1045 1
1419 1008 1689 1063 προσαιῧεσθν
1712 1005 1784 1061 (=
1807 1024 1899 1065 προ-

441 1074 660 1136 σᾴδεσῦαι)
704 1079 837 1128 atque
877 1075 921 1117 X
954 1076 977 1117 7
1025 1093 1185 1135 αρισται
1225 1078 1270 1117 et
1312 1074 1444 1117 semel
1485 1075 1530 1117 in
1571 1075 1600 1118 S
1642 1076 1842 1119 XXXVI
1873 1078 1899 1118 2

443 1164 737 1202 απΟαιτητικηι.

561 1229 691 1272 Vocis
730 1230 875 1268 πλείων
905 1228 1025 1282 prior
1056 1228 1228 1282 syllaba
1259 1240 1426 1280 semper
1457 1228 1588 1282 longa
1620 1232 1688 1272 est
1719 1233 1903 1283 excepta

442 1300 582 1342 forma
611 1304 754 1355 πλέον,
801 1312 910 1352 quae
942 1300 1024 1342 XL
1057 1301 1082 1342 3
1116 1299 1184 1354 (ω)
1218 1303 1262 1342 et
1293 1299 1489 1342 LXVIII
1521 1301 1546 1342 6
1579 1299 1647 1355 (S)
1678 1300 1903 1344 invenitur

443 1371 490 1413 II
523 1374 546 1412 2
591 1371 808 1413 codicibus
846 1371 932 1413 Hs
973 1375 1107 1415 πλεῖον
1145 1373 1278 1423 atque
1318 1374 1506 1415 πλειόνων
1550 1377 1595 1413 et
1627 1372 1666 1413 V
1700 1373 1725 1414 3
1767 1376 1902 1417 πλεῖον

445 1442 762 1484 exhibentibus.

563 1526 747 1577 γίγνομαι
775 1537 861 1567 non
894 1525 1074 1567 effertur
1106 1524 1190 1566 nisi
1223 1524 1366 1566 altera
1395 1536 1568 1578 gamma
1593 1524 1749 1579 deleta,
1780 1524 1904 1568 velut

444 1601 605 1655 γίνομαι
635 1600 809 1654 γίνεται,
851 1595 1053 1638 variatur
1084 1595 1129 1637 in
1161 1595 1310 1637 formis
1342 1595 1469 1637 verbi
1498 1596 1750 1648 γιγνώσκειν,
1781 1595 1904 1639 velut

443 1667 508 1709 IV
532 1668 557 1708 3
589 1669 859 1726 γινώσκεσθαι
890 1669 935 1708 et
965 1666 1164 1709 XXXVI
1186 1667 1211 1707 2
1246 1669 1532 1726 ἀναγιγνώσκω
1564 1666 1759 1720 legimus.

565 1762 613 1803 ρσ
642 1749 803 1802 ubique
833 1749 1043 1802 scriptum
1075 1749 1288 1802 videmus,
1329 1761 1416 1791 non
1447 1765 1514 1803 ρρε
1546 1749 1680 1792 XVII
1712 1751 1737 1792 3
1771 1749 1904 1810 (ἀρσε-

446 1824 550 1865 νικόν
582 1819 667 1875 bis)
701 1821 728 1861 4
761 1823 952 1879 ἀρσενικῷ
985 1820 1089 1875 (bis)
1120 1820 1302 1862 XXXII
1338 1821 1390 1861 12
1425 1819 1676 1879 (ἀρσενικόν).

567 1919 609 1942 tv
639 1914 716 1955 pro
750 1915 797 1943 σσ
827 1915 912 1945 non
946 1906 1093 1945 exstat
1125 1902 1210 1945 nisi
1243 1906 1452 1955 quattuor
1474 1903 1596 1945 locis:
1631 1902 1743 1946 VIII
1765 1905 1790 1945 3
1812 1903 1858 1945 X
1880 1904 1905 1945 8

448 1972 658 2029 (ἔλαττον)
689 1973 802 2015 XIX
823 1974 851 2015 4
883 1973 1281 2034 (παραφυλάττεται)
1306 1975 1330 2015 5
1353 1977 1531 2030 ἡττήθη.
1585 1974 1768 2016 Accedit
1798 1974 1845 2016 H
1869 1975 1905 2028 l,

447 2044 523 2087 ubi
555 2044 584 2087 S
615 2048 783 2103 γλωττη
815 2044 859 2086 Η
890 2049 1057 2103 γλωσση
1090 2045 1282 2097 praebet.
1334 2045 1532 2097 Reliquis
1563 2045 1758 2088 omnibus
1788 2044 1907 2099 locis,

449 2127 555 2167 quos
598 2127 851 2157 enumerare
881 2115 1054 2169 longum
1088 2118 1165 2169 est,
1199 2115 1365 2158 codices
1396 2116 1442 2158 in
1473 2116 1555 2158 hac
1586 2127 1634 2158 re
1666 2115 1910 2159 consentire

451 2188 646 2239 apparet.
1884 2227 1890 2232 .

569 2256 934 2311 Praepositiones‚
968 2269 1079 2309 quae
1101 2256 1323 2298 elisionem
1344 2257 1440 2310 pati
1460 2260 1652 2311 possunt,
1684 2257 1908 2301 vocalibus

450 2327 731 2380 sequentibus
777 2327 1055 2371 novissimam
1102 2328 1297 2370 litteram
1345 2329 1558 2381 deponere
1603 2328 1747 2371 solent
1786 2328 1910 2372 velut

450 2401 539 2458 παρ’
573 2403 687 2458 ἡμῖν,
734 2401 823 2458 μεθ’
853 2403 1024 2458 ἡμέραν,
1067 2402 1162 2443 καθ’
1192 2401 1341 2453 ἑαυτά,
1383 2402 1440 2443 ἐπ’
1470 2401 1630 2458 ὀλίγον,
1671 2402 1723 2444 δι’
1751 2403 1910 2453 ἐκεῖνον,

451 2468 620 2511 similia.
681 2468 767 2512 Sed
810 2474 915 2530 μετά
955 2469 1219 2522 praepositio
1261 2470 1437 2513 videtur
1479 2470 1610 2512 aliter
1650 2482 1697 2513 se
1735 2470 1909 2524 habere,

452 2539 527 2582 ubi
559 2552 585 2582 a
616 2539 820 2593 genetivo
853 2542 990 2584 ἄλλων
1022 2540 1249 2593 excipitur.
1310 2541 1514 2595 Legimus
1547 2540 1660 2583 enim
1691 2541 1819 2584 haec:

572 2622 659 2664 VII
681 2623 705 2663 5
741 2627 955 2682 μεταλλων
986 2622 1042 2663 H
1067 2642 1170 2683 μετα
1202 2628 1339 2667 αλλων
1372 2622 1407 2664 S

572 2693 684 2735 VIII
706 2695 730 2734 5
765 2712 869 2753 μετα
900 2698 1037 2737 αλλων
1068 2694 1122 2735 Η
1147 2699 1362 2754 μεταλλων
1394 2693 1430 2735 S

573 2763 683 2805 VIII
709 2765 745 2808 1.
771 2765 810 2808 2.
835 2765 874 2809 3.
899 2766 924 2805 4
958 2783 1062 2824 μετα
1095 2769 1232 2809 αλλων
1263 2763 1363 2806 HS
