2148 3407
389 1846 410 1880 [Ο

456 291 510 332 38

455 420 488 450 P·
517 410 595 448 396-
624 417 689 449 397
719 409 763 441 K·

453 484 664 538 διαιρεῖται
693 482 762 522 καὶ
792 482 1029 524 λεπτύνεται
1060 482 1137 523 ἀπὸ
1168 487 1242 533 τῆς
1274 482 1376 531 ἰδίας
1408 482 1532 539 ἀρχῆς
1562 486 1636 533 τῆς
1663 485 1831 537 γενικῆς,
1863 483 1916 530 ὡς

455 555 503 594 τὸ
536 551 744 609 ἄνθρωπος
774 552 887 602 ἵππος
917 558 1065 610 ταῦρος
1094 554 1226 611 δάφνη
1257 554 1369 603 πίτυς
1401 553 1509 604 ὀξέα.
1561 554 1651 594 τινὰ
1680 553 1728 594 δὲ
1758 567 1915 604 πεποιη-

457 627 555 681 μένα
585 624 632 665 ἐκ
661 629 741 665 τῶν
771 623 879 681 ἤχων
909 625 934 678 ἢ
967 624 1044 666 ἀπὸ
1077 630 1156 666 τῶν
1188 630 1337 682 φωνῶν,
1373 627 1425 673 ὡς
1454 625 1504 665 τὸ
1535 624 1712 681 τρισμός,
1744 624 1914 680 κραυγή,

456 696 476 737 ὁ
498 694 598 753 ἦχος
617 700 690 737 τοῦ
712 696 882 752 χαλκοῦ,
914 697 1177 753 χρεμετισμὸς
1199 694 1213 747 ΙΙ
1236 696 1369 747 ἵππων,
1404 695 1646 752 όλολυγμός,
1671 694 1916 752 βρυχηθμός,

457 766 680 824 μυκηθμός.
751 768 842 807 τινὰ
886 768 934 807 δὲ
974 768 1150 808 κάτεισιν
1197 767 1274 808 ἀπὸ
1315 772 1396 808 τῶν
1427 767 1724 823 ἐπιρρημάτων,
1774 768 1828 815 ὡς
1866 767 1916 807 τὸ

455 838 659 895 ἐχθεσινός
679 838 886 895 σημερινός
908 838 1062 894 αὐρινός
1083 837 1218 896 ὀψινός
1239 838 1414 896 σφοδρός
1429 838 1566 895 ταχύς.
1613 836 1726 878 ἄλλα
1742 837 1820 878 ἀπὸ
1836 842 1917 878 τῶν

457 915 638 967 μετοχῶν
668 911 950 966 πεπλασμένα,
990 912 1042 959 ὡς
1072 910 1121 950 τὸ
1153 911 1300 961 παίζων
1332 910 1496 950 ἐπαινῶν
1526 908 1710 966 δακρύων
1742 908 1916 966 ἀσθμαί-

456 996 532 1021 νων
573 981 807 1038 μαινόμενος
836 981 1150 1038 τεθνηξόμενος,
1192 982 1353 1038 χάσκων
1386 981 1407 1022 ὁ
1438 981 1602 1037 χαίνων,
1645 980 1844 1036 κρούστης
1875 977 1918 1029 ὃς

456 1052 599 1108 κρούει,
634 1053 934 1109 μετερχόμενος.
998 1051 1104 1093 ἔστιν
1130 1050 1190 1093 ἔτι
1212 1052 1238 1092 ἃ
1261 1052 1297 1094 οἱ
1309 1051 1510 1104 “Έλληνες
1531 1051 1698 1093 ἐπίθετα
1717 1052 1915 1108 λέγουσιν,

458 1124 484 1164 ἃ
514 1128 600 1172 τοῖς
630 1123 804 1165 ἑκάστου
836 1125 1058 1180 προσώποις
1087 1123 1391 1181 προσβάλλεται
1411 1123 1568 1164 ἐπαίνου
1590 1124 1703 1180 χάριν
1723 1122 1748 1175 ἢ
1771 1123 1915 1180 ψόγου,
1946 1127 1990 1162 10

1967 773 1989 806 0!

458 1193 550 1246 οἷον,
671 1195 695 1247 ἢ
729 1195 768 1236 ἐν
800 1196 915 1252 ψόγῳ
1040 1194 1166 1236 ,ἀλλὰ
1185 1199 1320 1235 ταῦτα
1339 1195 1485 1246 πάντα,
1518 1194 1552 1235 εἰ
1570 1195 1641 1235 καὶ
1659 1195 1715 1234 τὰ
1737 1194 1918 1251 μάλιστα

457 1264 543 1319 εἴδη
586 1267 692 1309 ἐστὶν
734 1266 943 1323 ὀνομάτων
985 1265 1197 1315 ἀπολύτως
1241 1268 1376 1323 μέντοι
1420 1265 1603 1323 ὀνόματα
1642 1266 1811 1322 λέγεται
1848 1265 1919 1306 καὶ

458 1337 632 1380 ἑκάστου
663 1339 912 1395 πωάγματος
942 1338 966 1390 ἢ
998 1339 1207 1394 προσώπου
1238 1338 1523 1393 προτάσσεται.

578 1690 772 1733 ΧΧΠΠ.
834 1694 935 1735 Τινὰ
973 1693 1155 1750 ὀνόματά
1187 1693 1279 1734 εἰσιν
1312 1693 1339 1734 ἃ
1369 1692 1464 1734 καθ’
1496 1692 1624 1734 ἑαυτὰ
1654 1691 1747 1734 ἄνευ
1780 1691 1916 1749 ἑτέρου

461 1769 602 1823 μέρους
642 1766 769 1822 λόγου
810 1765 1104 1823 προσβοηθείας
1145 1764 1338 1817 νοηθῆναι
1379 1765 1424 1806 οὐ
1465 1764 1654 1816 δύναται,
1699 1766 1751 1813 ὡς
1786 1764 1918 1821 πατήρ
1947 1771 1989 1804 15

461 1838 655 1895 ἀδελφός·
701 1838 967 1894 ἀναδέχονται
997 1838 1075 1893 γὰρ
1108 1835 1266 1885 ἑαυτοῖς
1296 1837 1365 1877 καὶ
1396 1836 1550 1888 ἐκεῖνα,
1591 1835 1643 1876 δι’
1673 1834 1726 1877 ὧν
1757 1839 1917 1877 νοεῖται.

582 2417 602 2450 2
629 2419 734 2459 δασνη
760 2418 804 2448 H
907 2415 928 2448 3
955 2427 1081 2458 κραυγη
1108 2427 1135 2447 ω
1162 2413 1287 2457 κλαγγή
1313 2416 1432 2457 Hagen
1535 2413 1557 2447 4
1583 2417 1763 2457 ολολυσμος
1787 2414 1921 2458 βριχηδ·

464 2489 524 2520 μσς
549 2489 576 2510 ω
603 2488 689 2509 corr.
716 2477 797 2509 Keil
891 2475 912 2508 5
937 2473 1094 2517 κάτεισιν]
1119 2486 1136 2508 ν
1162 2475 1278 2506 addidi
1372 2473 1394 2508 8
1419 2473 1665 2517 tovstvn'cjopsvog
1688 2475 1788 2506 HM
1805 2472 1921 2515 τοῦνη-

463 2535 595 2580 ξομενος
621 2538 647 2568 S
669 2548 756 2568 corr.
782 2537 864 2568 Keil
982 2533 1003 2567 9
1030 2532 1267 2578 μετερχόμενος
1292 2546 1354 2565 om.
1380 2534 1477 2566 HM
1590 2531 1637 2566 10
1662 2535 1858 2576 προσλλεται
1881 2533 1925 2564 H

463 2595 508 2630 11
535 2599 620 2630 αλλα
643 2608 686 2629 τα
710 2606 820 2629 παντα
844 2596 888 2626 Η
978 2593 1025 2627 12
1051 2596 1234 2632 απολυστος
1259 2604 1286 2625 ω
1313 2605 1400 2625 corr.
1426 2594 1509 2625 Keil
1527 2591 1531 2635 Ι
1554 2605 1596 2626 τα
1620 2598 1699 2624 ante
1725 2589 1873 2635 ὀνόματα
1891 2603 1918 2623 ω

464 2657 524 2688 del.
550 2656 632 2687 Keil
725 2653 771 2688 15
802 2654 1046 2697 προσβοηῧανει
1070 2664 1195 2695 νοητειν
1219 2653 1319 2684 HM
1337 2653 1522 2695 προσβολης
1547 2664 1617 2686 ανει
1641 2663 1698 2686 του
1724 2662 1797 2694 ετρο
1823 2661 1920 2693 μερος

463 2719 560 2758 λογου
592 2715 782 2757 προσῧειναι
806 2725 921 2755 vav-:rsa
956 2714 982 2745 S
1002 2724 1088 2745 corr.
1116 2713 1350 2744 Krumbaclzcr
1375 2713 1466 2743 AIus.
1493 2713 1584 2744 rlzen.
1610 2711 1772 2743 XXXIX
1790 2710 1918 2751 (1884)

459 2784 534 2814 ,351
557 2773 561 2817 Ι
585 2774 629 2813 ὡς
654 2771 761 2816 πατήρ
788 2771 930 2815 ἀδελφξς
955 2784 1016 2804 om.
1044 2773 1070 2803 S
1163 2771 1208 2804 16
1234 2783 1370 2810 εαυτους
1395 2781 1423 2802 ω
1450 2783 1535 2803 corr.
1562 2771 1644 2802 Keil
