<?xml version="1.0" encoding="UTF-8"?>
<!DOCTYPE html PUBLIC "-//W3C//DTD XHTML 1.0 Transitional//EN"
    "http://www.w3.org/TR/xhtml1/DTD/xhtml1-transitional.dtd">
<html xmlns="http://www.w3.org/1999/xhtml" xml:lang="en" lang="en">
 <head>
  <title>
</title>
<meta http-equiv="Content-Type" content="text/html;charset=utf-8" />
  <meta name='ocr-system' content='tesseract 3.04.00' />
  <meta name='ocr-capabilities' content='ocr_page ocr_carea ocr_par ocr_line ocrx_word'/>
</head>
<body>
  <div class='ocr_page' id='page_1' title='image "./arsgrammaticarec00dosiuoft_0020.png"; bbox 0 0 2148 3407; ppageno 0'>
   <div class='ocr_carea' id='block_1_1' title="bbox 494 319 576 347">
    <p class='ocr_par' dir='ltr' id='par_1_1' title="bbox 494 319 576 347">
     <span class='ocr_line' id='line_1_1' title="bbox 494 319 576 347; baseline -0.012 0"><span class='ocrx_word' id='word_1_1' title='bbox 494 319 576 347; x_wconf 86' lang='lat' dir='ltr'>XVI</span> 
     </span>
    </p>
   </div>
   <div class='ocr_carea' id='block_1_2' title="bbox 494 418 1954 970">
    <p class='ocr_par' dir='ltr' id='par_1_2' title="bbox 494 418 1954 970">
     <span class='ocr_line' id='line_1_2' title="bbox 496 418 1952 473; baseline -0.003 -8"><span class='ocrx_word' id='word_1_2' title='bbox 496 425 574 465; x_wconf 89' lang='lat' dir='ltr'>aut</span> <span class='ocrx_word' id='word_1_3' title='bbox 611 421 829 464; x_wconf 89' lang='lat' dir='ltr'>nominum</span> <span class='ocrx_word' id='word_1_4' title='bbox 862 423 940 463; x_wconf 89' lang='lat' dir='ltr'>aut</span> <span class='ocrx_word' id='word_1_5' title='bbox 972 419 1276 463; x_wconf 82' lang='lat' dir='ltr'><strong>adverbiorum</strong></span> <span class='ocrx_word' id='word_1_6' title='bbox 1308 419 1473 462; x_wconf 80' lang='lat' dir='ltr'>formae</span> <span class='ocrx_word' id='word_1_7' title='bbox 1504 423 1755 473; x_wconf 86' lang='lat' dir='ltr'>occurrant,</span> <span class='ocrx_word' id='word_1_8' title='bbox 1797 418 1952 471; x_wconf 91' lang='lat' dir='ltr'>quibus</span> 
     </span>
     <span class='ocr_line' id='line_1_3' title="bbox 494 489 1953 545; baseline -0.003 -10"><span class='ocrx_word' id='word_1_9' title='bbox 494 493 572 535; x_wconf 90' lang='lat' dir='ltr'>illa</span> <span class='ocrx_word' id='word_1_10' title='bbox 602 492 756 534; x_wconf 88' lang='lat' dir='ltr'>littera</span> <span class='ocrx_word' id='word_1_11' title='bbox 788 491 966 545; x_wconf 87' lang='lat' dir='ltr'>adiungi</span> <span class='ocrx_word' id='word_1_12' title='bbox 998 490 1146 544; x_wconf 81' lang='lat' dir='ltr'>possit,</span> <span class='ocrx_word' id='word_1_13' title='bbox 1179 493 1271 533; x_wconf 91' lang='lat' dir='ltr'>tum</span> <span class='ocrx_word' id='word_1_14' title='bbox 1304 493 1512 543; x_wconf 87' lang='lat' dir='ltr'>quattuor</span> <span class='ocrx_word' id='word_1_15' title='bbox 1539 490 1645 533; x_wconf 88' lang='lat' dir='ltr'>locis</span> <span class='ocrx_word' id='word_1_16' title='bbox 1667 502 1760 532; x_wconf 87' lang='lat' dir='ltr'>eam</span> <span class='ocrx_word' id='word_1_17' title='bbox 1783 489 1953 532; x_wconf 90' lang='lat' dir='ltr'>omnino</span> 
     </span>
     <span class='ocr_line' id='line_1_4' title="bbox 494 560 1954 615; baseline -0.003 -10"><span class='ocrx_word' id='word_1_18' title='bbox 494 575 578 606; x_wconf 94' lang='lat' dir='ltr'>non</span> <span class='ocrx_word' id='word_1_19' title='bbox 619 563 735 605; x_wconf 86' lang='lat' dir='ltr'>tradi</span> <span class='ocrx_word' id='word_1_20' title='bbox 777 562 1010 615; x_wconf 84' lang='lat' dir='ltr'>permirum</span> <span class='ocrx_word' id='word_1_21' title='bbox 1051 561 1227 605; x_wconf 84' lang='lat' dir='ltr'>videtur</span> <span class='ocrx_word' id='word_1_22' title='bbox 1267 572 1408 613; x_wconf 89' lang='lat' dir='ltr'>neque</span> <span class='ocrx_word' id='word_1_23' title='bbox 1445 561 1570 604; x_wconf 87' lang='lat' dir='ltr'>abest</span> <span class='ocrx_word' id='word_1_24' title='bbox 1600 560 1808 614; x_wconf 88' lang='lat' dir='ltr'>suspicio,</span> <span class='ocrx_word' id='word_1_25' title='bbox 1850 560 1954 612; x_wconf 88' lang='lat' dir='ltr'>quin</span> 
     </span>
     <span class='ocr_line' id='line_1_5' title="bbox 494 630 1954 685; baseline -0.002 -9"><span class='ocrx_word' id='word_1_26' title='bbox 494 633 729 676; x_wconf 89' lang='lat' dir='ltr'>Dositheus</span> <span class='ocrx_word' id='word_1_27' title='bbox 761 633 854 676; x_wconf 89' lang='lat' dir='ltr'>sine</span> <span class='ocrx_word' id='word_1_28' title='bbox 885 633 976 675; x_wconf 89' lang='lat' dir='ltr'>ulla</span> <span class='ocrx_word' id='word_1_29' title='bbox 1008 631 1261 685; x_wconf 80' lang='lat' dir='ltr'>exceptione</span> <span class='ocrx_word' id='word_1_30' title='bbox 1292 643 1388 674; x_wconf 89' lang='lat' dir='ltr'>eam</span> <span class='ocrx_word' id='word_1_31' title='bbox 1420 631 1514 676; x_wconf 91' lang='lat' dir='ltr'>sive</span> <span class='ocrx_word' id='word_1_32' title='bbox 1540 636 1645 675; x_wconf 86' lang='lat' dir='ltr'>ante</span> <span class='ocrx_word' id='word_1_33' title='bbox 1665 631 1838 675; x_wconf 84' lang='lat' dir='ltr'>vocales</span> <span class='ocrx_word' id='word_1_34' title='bbox 1859 630 1954 674; x_wconf 86' lang='lat' dir='ltr'>sive</span> 
     </span>
     <span class='ocr_line' id='line_1_6' title="bbox 495 701 1954 756; baseline -0.002 -9"><span class='ocrx_word' id='word_1_35' title='bbox 495 708 600 747; x_wconf 87' lang='lat' dir='ltr'>ante</span> <span class='ocrx_word' id='word_1_36' title='bbox 644 707 928 747; x_wconf 81' lang='lat' dir='ltr'>consonantes</span> <span class='ocrx_word' id='word_1_37' title='bbox 969 702 1261 756; x_wconf 79' lang='lat' dir='ltr'>usurpaverit.</span> <span class='ocrx_word' id='word_1_38' title='bbox 1336 702 1493 755; x_wconf 90' lang='lat' dir='ltr'>Itaque</span> <span class='ocrx_word' id='word_1_39' title='bbox 1534 715 1674 745; x_wconf 91' lang='lat' dir='ltr'>meum</span> <span class='ocrx_word' id='word_1_40' title='bbox 1716 713 1810 744; x_wconf 86' lang='lat' dir='ltr'>esse</span> <span class='ocrx_word' id='word_1_41' title='bbox 1850 701 1954 744; x_wconf 85' lang='lat' dir='ltr'>duxi</span> 
     </span>
     <span class='ocr_line' id='line_1_7' title="bbox 495 773 1954 832; baseline -0.003 -11"><span class='ocrx_word' id='word_1_42' title='bbox 495 775 656 818; x_wconf 88' lang='lat' dir='ltr'>XXIII</span> <span class='ocrx_word' id='word_1_43' title='bbox 678 777 704 816; x_wconf 89' lang='lat'>4</span> <span class='ocrx_word' id='word_1_44' title='bbox 736 780 913 820; x_wconf 80' lang='grc' dir='ltr'>κάτεισιν</span> <span class='ocrx_word' id='word_1_45' title='bbox 934 775 1088 818; x_wconf 88' lang='lat' dir='ltr'>XXIV</span> <span class='ocrx_word' id='word_1_46' title='bbox 1112 776 1137 817; x_wconf 85' lang='lat'>3</span> <span class='ocrx_word' id='word_1_47' title='bbox 1170 777 1281 819; x_wconf 75' lang='grc' dir='ltr'>τοῦτ’</span> <span class='ocrx_word' id='word_1_48' title='bbox 1312 775 1418 818; x_wconf 83' lang='grc' dir='ltr'>ἔστιν</span> <span class='ocrx_word' id='word_1_49' title='bbox 1439 773 1662 816; x_wconf 88' lang='lat' dir='ltr'>XXXVII</span> <span class='ocrx_word' id='word_1_50' title='bbox 1685 774 1707 814; x_wconf 94' lang='lat'>1</span> <span class='ocrx_word' id='word_1_51' title='bbox 1742 776 1954 832; x_wconf 82' lang='grc' dir='ltr'>γεγόνασιν</span> 
     </span>
     <span class='ocr_line' id='line_1_8' title="bbox 494 843 1954 906; baseline -0.002 -18"><span class='ocrx_word' id='word_1_52' title='bbox 494 846 577 889; x_wconf 91' lang='lat' dir='ltr'>XL</span> <span class='ocrx_word' id='word_1_53' title='bbox 600 847 625 888; x_wconf 86' lang='grc'><strong>6</strong></span> <span class='ocrx_word' id='word_1_54' title='bbox 671 850 836 906; x_wconf 58' lang='grc' dir='ltr'>ὕπερθεν</span> <span class='ocrx_word' id='word_1_55' title='bbox 877 849 1126 898; x_wconf 86' lang='lat' dir='ltr'>contempta</span> <span class='ocrx_word' id='word_1_56' title='bbox 1170 844 1362 887; x_wconf 89' lang='lat' dir='ltr'>codicum</span> <span class='ocrx_word' id='word_1_57' title='bbox 1405 844 1671 887; x_wconf 88' lang='lat' dir='ltr'>auctoritate</span> <span class='ocrx_word' id='word_1_58' title='bbox 1706 843 1753 886; x_wconf 92' lang='lat' dir='ltr'>in</span> <span class='ocrx_word' id='word_1_59' title='bbox 1783 846 1954 886; x_wconf 85' lang='lat' dir='ltr'>textum</span> 
     </span>
     <span class='ocr_line' id='line_1_9' title="bbox 495 929 699 970; baseline 0.005 -12"><span class='ocrx_word' id='word_1_60' title='bbox 495 929 699 970; x_wconf 83' lang='lat' dir='ltr'>recipere.</span> 
     </span>
    </p>
   </div>
   <div class='ocr_carea' id='block_1_3' title="bbox 614 991 1953 1046">
    <p class='ocr_par' dir='ltr' id='par_1_3' title="bbox 614 991 1953 1046">
     <span class='ocr_line' id='line_1_10' title="bbox 614 991 1953 1046; baseline -0.001 -11"><span class='ocrx_word' id='word_1_61' title='bbox 614 993 765 1046; x_wconf 88' lang='lat' dir='ltr'>Neque</span> <span class='ocrx_word' id='word_1_62' title='bbox 797 995 921 1042; x_wconf 75' lang='grc' dir='ltr'>οὕτως</span> <span class='ocrx_word' id='word_1_63' title='bbox 942 992 1142 1037; x_wconf 87' lang='lat' dir='ltr'>adverbii</span> <span class='ocrx_word' id='word_1_64' title='bbox 1163 992 1319 1035; x_wconf 89' lang='lat' dir='ltr'>ultima</span> <span class='ocrx_word' id='word_1_65' title='bbox 1338 992 1492 1035; x_wconf 89' lang='lat' dir='ltr'>littera</span> <span class='ocrx_word' id='word_1_66' title='bbox 1513 1004 1702 1045; x_wconf 89' lang='lat' dir='ltr'>unquam</span> <span class='ocrx_word' id='word_1_67' title='bbox 1724 991 1953 1034; x_wconf 87' lang='lat' dir='ltr'>omittitur.</span> 
     </span>
    </p>
   </div>
   <div class='ocr_carea' id='block_1_4' title="bbox 495 1068 1957 1780">
    <p class='ocr_par' dir='ltr' id='par_1_4' title="bbox 496 1068 1954 1186">
     <span class='ocr_line' id='line_1_11' title="bbox 615 1068 1954 1122; baseline -0.001 -11"><span class='ocrx_word' id='word_1_68' title='bbox 615 1071 745 1111; x_wconf 76' lang='grc' dir='ltr'>ἕνεκεν</span> <span class='ocrx_word' id='word_1_69' title='bbox 775 1070 1001 1114; x_wconf 90' lang='lat' dir='ltr'>invenitur</span> <span class='ocrx_word' id='word_1_70' title='bbox 1030 1069 1077 1112; x_wconf 90' lang='lat' dir='ltr'>in</span> <span class='ocrx_word' id='word_1_71' title='bbox 1109 1069 1433 1112; x_wconf 84' lang='lat' dir='ltr'>enumeratione</span> <span class='ocrx_word' id='word_1_72' title='bbox 1465 1069 1811 1112; x_wconf 88' lang='lat' dir='ltr'>coniunctionum</span> <span class='ocrx_word' id='word_1_73' title='bbox 1831 1068 1893 1111; x_wconf 91' lang='lat' dir='ltr'>LI</span> <span class='ocrx_word' id='word_1_74' title='bbox 1915 1071 1954 1122; x_wconf 90' lang='lat'>4,</span> 
     </span>
     <span class='ocr_line' id='line_1_12' title="bbox 496 1141 1426 1186; baseline -0.003 -1"><span class='ocrx_word' id='word_1_75' title='bbox 496 1144 612 1186; x_wconf 76' lang='grc' dir='ltr'>ἕνεκα</span> <span class='ocrx_word' id='word_1_76' title='bbox 644 1141 708 1186; x_wconf 84' lang='grc' dir='ltr'>ΙΧ</span> <span class='ocrx_word' id='word_1_77' title='bbox 734 1143 760 1183; x_wconf 84' lang='grc'>4</span> <span class='ocrx_word' id='word_1_78' title='bbox 793 1144 839 1184; x_wconf 90' lang='lat' dir='ltr'>et</span> <span class='ocrx_word' id='word_1_79' title='bbox 869 1141 913 1183; x_wconf 90' lang='lat' dir='ltr'>X</span> <span class='ocrx_word' id='word_1_80' title='bbox 935 1142 960 1182; x_wconf 89' lang='grc'><strong>6</strong></span> <span class='ocrx_word' id='word_1_81' title='bbox 995 1144 1099 1183; x_wconf 86' lang='lat' dir='ltr'>ante</span> <span class='ocrx_word' id='word_1_82' title='bbox 1130 1148 1426 1183; x_wconf 80' lang='lat' dir='ltr'>consonantes.</span> 
     </span>
    </p>

    <p class='ocr_par' dir='ltr' id='par_1_5' title="bbox 495 1216 1954 1333">
     <span class='ocr_line' id='line_1_13' title="bbox 614 1216 1954 1260; baseline -0.001 0"><span class='ocrx_word' id='word_1_83' title='bbox 614 1219 707 1260; x_wconf 89' lang='lat' dir='ltr'>Iam</span> <span class='ocrx_word' id='word_1_84' title='bbox 748 1218 1078 1260; x_wconf 84' lang='lat' dir='ltr'>transeuntibus</span> <span class='ocrx_word' id='word_1_85' title='bbox 1119 1217 1244 1260; x_wconf 92' lang='lat' dir='ltr'>nobis</span> <span class='ocrx_word' id='word_1_86' title='bbox 1285 1218 1341 1260; x_wconf 90' lang='lat' dir='ltr'>ad</span> <span class='ocrx_word' id='word_1_87' title='bbox 1373 1216 1707 1259; x_wconf 66' lang='lat' dir='ltr'>declinationem</span> <span class='ocrx_word' id='word_1_88' title='bbox 1736 1216 1954 1260; x_wconf 85' lang='lat' dir='ltr'>nominum</span> 
     </span>
     <span class='ocr_line' id='line_1_14' title="bbox 495 1289 1321 1333; baseline -0.002 -1"><span class='ocrx_word' id='word_1_89' title='bbox 495 1292 541 1332; x_wconf 87' lang='lat' dir='ltr'>et</span> <span class='ocrx_word' id='word_1_90' title='bbox 571 1290 802 1333; x_wconf 86' lang='lat' dir='ltr'>verborum</span> <span class='ocrx_word' id='word_1_91' title='bbox 833 1289 942 1331; x_wconf 89' lang='lat' dir='ltr'>haec</span> <span class='ocrx_word' id='word_1_92' title='bbox 972 1289 1166 1331; x_wconf 89' lang='lat' dir='ltr'>notanda</span> <span class='ocrx_word' id='word_1_93' title='bbox 1197 1291 1321 1331; x_wconf 87' lang='lat' dir='ltr'>sunt:</span> 
     </span>
    </p>

    <p class='ocr_par' dir='ltr' id='par_1_6' title="bbox 495 1364 1955 1490">
     <span class='ocr_line' id='line_1_15' title="bbox 613 1364 1955 1424; baseline 0 -16"><span class='ocrx_word' id='word_1_94' title='bbox 613 1366 771 1408; x_wconf 87' lang='lat' dir='ltr'>Utrum</span> <span class='ocrx_word' id='word_1_95' title='bbox 793 1365 1029 1408; x_wconf 88' lang='lat' dir='ltr'>Dositheus</span> <span class='ocrx_word' id='word_1_96' title='bbox 1063 1368 1182 1424; x_wconf 74' lang='grc' dir='ltr'>ὀρέων</span> <span class='ocrx_word' id='word_1_97' title='bbox 1216 1364 1377 1407; x_wconf 84' lang='lat' dir='ltr'>dixerit</span> <span class='ocrx_word' id='word_1_98' title='bbox 1409 1377 1465 1408; x_wconf 92' lang='lat' dir='ltr'>an</span> <span class='ocrx_word' id='word_1_99' title='bbox 1498 1367 1597 1424; x_wconf 74' lang='grc' dir='ltr'>ὀρῶν</span> <span class='ocrx_word' id='word_1_100' title='bbox 1629 1365 1845 1408; x_wconf 88' lang='lat' dir='ltr'>incertum</span> <span class='ocrx_word' id='word_1_101' title='bbox 1876 1370 1955 1418; x_wconf 86' lang='lat' dir='ltr'>est,</span> 
     </span>
     <span class='ocr_line' id='line_1_16' title="bbox 495 1435 1670 1490; baseline -0.001 -12"><span class='ocrx_word' id='word_1_102' title='bbox 495 1449 590 1479; x_wconf 93' lang='lat' dir='ltr'>cum</span> <span class='ocrx_word' id='word_1_103' title='bbox 622 1436 809 1479; x_wconf 82' lang='lat' dir='ltr'>alterum</span> <span class='ocrx_word' id='word_1_104' title='bbox 841 1438 1046 1479; x_wconf 84' lang='lat' dir='ltr'>tradatur</span> <span class='ocrx_word' id='word_1_105' title='bbox 1077 1437 1161 1478; x_wconf 93' lang='lat' dir='ltr'>XV</span> <span class='ocrx_word' id='word_1_106' title='bbox 1185 1438 1224 1490; x_wconf 85' lang='lat'>3,</span> <span class='ocrx_word' id='word_1_107' title='bbox 1257 1435 1442 1478; x_wconf 87' lang='lat' dir='ltr'>alterum</span> <span class='ocrx_word' id='word_1_108' title='bbox 1474 1436 1610 1478; x_wconf 88' lang='lat' dir='ltr'>XXII</span> <span class='ocrx_word' id='word_1_109' title='bbox 1633 1438 1670 1478; x_wconf 84' lang='lat'>5.</span> 
     </span>
    </p>

    <p class='ocr_par' dir='ltr' id='par_1_7' title="bbox 495 1512 1957 1780">
     <span class='ocr_line' id='line_1_17' title="bbox 613 1512 1956 1574; baseline 0 -19"><span class='ocrx_word' id='word_1_110' title='bbox 613 1513 728 1555; x_wconf 89' lang='lat' dir='ltr'>XIII</span> <span class='ocrx_word' id='word_1_111' title='bbox 754 1516 773 1555; x_wconf 92' lang='grc'>1</span> <span class='ocrx_word' id='word_1_112' title='bbox 820 1517 985 1574; x_wconf 71' lang='grc' dir='ltr'>βεβαίας</span> <span class='ocrx_word' id='word_1_113' title='bbox 1015 1513 1199 1566; x_wconf 82' lang='lat' dir='ltr'>legimus</span> <span class='ocrx_word' id='word_1_114' title='bbox 1231 1515 1364 1565; x_wconf 87' lang='lat' dir='ltr'>atque</span> <span class='ocrx_word' id='word_1_115' title='bbox 1395 1516 1586 1558; x_wconf 63' lang='grc' dir='ltr'>σύνθεται</span> <span class='ocrx_word' id='word_1_116' title='bbox 1616 1513 1797 1565; x_wconf 83' lang='lat' dir='ltr'>reliquis</span> <span class='ocrx_word' id='word_1_117' title='bbox 1828 1512 1956 1556; x_wconf 88' lang='lat' dir='ltr'>huius</span> 
     </span>
     <span class='ocr_line' id='line_1_18' title="bbox 495 1583 1955 1638; baseline 0 -12"><span class='ocrx_word' id='word_1_118' title='bbox 495 1584 610 1627; x_wconf 88' lang='lat' dir='ltr'>modi</span> <span class='ocrx_word' id='word_1_119' title='bbox 654 1584 860 1637; x_wconf 86' lang='lat' dir='ltr'>epithetis</span> <span class='ocrx_word' id='word_1_120' title='bbox 905 1583 1110 1627; x_wconf 78' lang='lat' dir='ltr'>feminino</span> <span class='ocrx_word' id='word_1_121' title='bbox 1153 1596 1310 1638; x_wconf 84' lang='lat' dir='ltr'>genere</span> <span class='ocrx_word' id='word_1_122' title='bbox 1353 1584 1614 1627; x_wconf 82' lang='lat' dir='ltr'>carentibus.</span> <span class='ocrx_word' id='word_1_123' title='bbox 1675 1584 1775 1626; x_wconf 87' lang='lat' dir='ltr'>Etsi</span> <span class='ocrx_word' id='word_1_124' title='bbox 1809 1587 1955 1627; x_wconf 86' lang='lat' dir='ltr'>autem</span> 
     </span>
     <span class='ocr_line' id='line_1_19' title="bbox 496 1654 1957 1714; baseline -0.001 -15"><span class='ocrx_word' id='word_1_125' title='bbox 496 1659 648 1714; x_wconf 76' lang='grc' dir='ltr'>πλήρης</span> <span class='ocrx_word' id='word_1_126' title='bbox 688 1667 843 1698; x_wconf 93' lang='lat' dir='ltr'>nomen</span> <span class='ocrx_word' id='word_1_127' title='bbox 884 1655 999 1708; x_wconf 80' lang='lat' dir='ltr'>apud</span> <span class='ocrx_word' id='word_1_128' title='bbox 1037 1655 1239 1706; x_wconf 89' lang='lat' dir='ltr'>antiquos</span> <span class='ocrx_word' id='word_1_129' title='bbox 1283 1667 1369 1697; x_wconf 94' lang='lat' dir='ltr'>non</span> <span class='ocrx_word' id='word_1_130' title='bbox 1399 1667 1619 1707; x_wconf 87' lang='lat' dir='ltr'>nunquam</span> <span class='ocrx_word' id='word_1_131' title='bbox 1649 1654 1957 1698; x_wconf 85' lang='lat' dir='ltr'>indeclinabile</span> 
     </span>
     <span class='ocr_line' id='line_1_20' title="bbox 496 1725 1955 1780; baseline 0 -12"><span class='ocrx_word' id='word_1_132' title='bbox 496 1739 587 1769; x_wconf 88' lang='lat' dir='ltr'>esse</span> <span class='ocrx_word' id='word_1_133' title='bbox 628 1738 713 1769; x_wconf 93' lang='lat' dir='ltr'>non</span> <span class='ocrx_word' id='word_1_134' title='bbox 754 1726 927 1780; x_wconf 87' lang='lat' dir='ltr'>ignoro,</span> <span class='ocrx_word' id='word_1_135' title='bbox 974 1729 1121 1768; x_wconf 89' lang='lat' dir='ltr'>tamen</span> <span class='ocrx_word' id='word_1_136' title='bbox 1154 1726 1192 1767; x_wconf 92' lang='lat' dir='ltr'>V</span> <span class='ocrx_word' id='word_1_137' title='bbox 1216 1727 1241 1767; x_wconf 93' lang='lat'>4</span> <span class='ocrx_word' id='word_1_138' title='bbox 1279 1726 1324 1767; x_wconf 91' lang='lat' dir='ltr'>in</span> <span class='ocrx_word' id='word_1_139' title='bbox 1355 1725 1437 1768; x_wconf 91' lang='lat' dir='ltr'>hoc</span> <span class='ocrx_word' id='word_1_140' title='bbox 1468 1727 1734 1768; x_wconf 89' lang='lat' dir='ltr'>emendando</span> <span class='ocrx_word' id='word_1_141' title='bbox 1765 1725 1955 1769; x_wconf 89' lang='lat' dir='ltr'>Keilium</span> 
     </span>
    </p>
   </div>
   <div class='ocr_carea' id='block_1_5' title="bbox 495 1796 1956 1921">
    <p class='ocr_par' dir='ltr' id='par_1_8' title="bbox 495 1796 1956 1921">
     <span class='ocr_line' id='line_1_21' title="bbox 495 1796 1956 1851; baseline 0.001 -12"><span class='ocrx_word' id='word_1_142' title='bbox 495 1797 617 1849; x_wconf 89' lang='lat' dir='ltr'>sequi</span> <span class='ocrx_word' id='word_1_143' title='bbox 658 1809 742 1839; x_wconf 94' lang='lat' dir='ltr'>non</span> <span class='ocrx_word' id='word_1_144' title='bbox 787 1796 1009 1850; x_wconf 86' lang='lat' dir='ltr'>dubitavi,</span> <span class='ocrx_word' id='word_1_145' title='bbox 1053 1798 1163 1848; x_wconf 89' lang='lat' dir='ltr'>quod</span> <span class='ocrx_word' id='word_1_146' title='bbox 1197 1809 1290 1839; x_wconf 89' lang='lat' dir='ltr'>eum</span> <span class='ocrx_word' id='word_1_147' title='bbox 1324 1796 1464 1839; x_wconf 92' lang='lat' dir='ltr'>locum</span> <span class='ocrx_word' id='word_1_148' title='bbox 1495 1797 1675 1850; x_wconf 80' lang='lat' dir='ltr'>gravius</span> <span class='ocrx_word' id='word_1_149' title='bbox 1706 1800 1956 1851; x_wconf 87' lang='lat' dir='ltr'>corruptum</span> 
     </span>
     <span class='ocr_line' id='line_1_22' title="bbox 496 1867 1004 1921; baseline 0 -11"><span class='ocrx_word' id='word_1_150' title='bbox 496 1880 590 1910; x_wconf 88' lang='lat' dir='ltr'>esse</span> <span class='ocrx_word' id='word_1_151' title='bbox 620 1867 893 1921; x_wconf 84' lang='lat' dir='ltr'>perspicuum</span> <span class='ocrx_word' id='word_1_152' title='bbox 927 1872 1004 1910; x_wconf 90' lang='lat' dir='ltr'>est.</span> 
     </span>
    </p>
   </div>
   <div class='ocr_carea' id='block_1_6' title="bbox 495 1943 1957 2274">
    <p class='ocr_par' dir='ltr' id='par_1_9' title="bbox 495 1943 1957 2274">
     <span class='ocr_line' id='line_1_23' title="bbox 615 1943 1955 1998; baseline 0.001 -12"><span class='ocrx_word' id='word_1_153' title='bbox 615 1943 738 1998; x_wconf 77' lang='lat' dir='ltr'>Quod</span> <span class='ocrx_word' id='word_1_154' title='bbox 781 1948 933 1987; x_wconf 84' lang='lat' dir='ltr'>contra</span> <span class='ocrx_word' id='word_1_155' title='bbox 975 1957 1001 1987; x_wconf 86' lang='lat' dir='ltr'>a</span> <span class='ocrx_word' id='word_1_156' title='bbox 1033 1944 1210 1987; x_wconf 83' lang='lat' dir='ltr'>traditis</span> <span class='ocrx_word' id='word_1_157' title='bbox 1242 1944 1501 1987; x_wconf 89' lang='lat' dir='ltr'>lectionibus</span> <span class='ocrx_word' id='word_1_158' title='bbox 1532 1957 1617 1988; x_wconf 93' lang='lat' dir='ltr'>non</span> <span class='ocrx_word' id='word_1_159' title='bbox 1648 1945 1855 1988; x_wconf 87' lang='lat' dir='ltr'>recedens</span> <span class='ocrx_word' id='word_1_160' title='bbox 1884 1946 1908 1988; x_wconf 96' lang='lat' dir='ltr'>I</span> <span class='ocrx_word' id='word_1_161' title='bbox 1931 1948 1955 1988; x_wconf 83' lang='lat'>2</span> 
     </span>
     <span class='ocr_line' id='line_1_24' title="bbox 496 2011 1954 2076; baseline 0.001 -19"><span class='ocrx_word' id='word_1_162' title='bbox 496 2011 586 2057; x_wconf 87' lang='lat' dir='ltr'>XII</span> <span class='ocrx_word' id='word_1_163' title='bbox 612 2017 632 2057; x_wconf 92' lang='grc'>1</span> <span class='ocrx_word' id='word_1_164' title='bbox 667 2015 799 2058; x_wconf 91' lang='lat' dir='ltr'>XVII</span> <span class='ocrx_word' id='word_1_165' title='bbox 822 2017 848 2057; x_wconf 77' lang='lat'>6</span> <span class='ocrx_word' id='word_1_166' title='bbox 881 2016 993 2058; x_wconf 88' lang='lat' dir='ltr'>XIX</span> <span class='ocrx_word' id='word_1_167' title='bbox 1016 2017 1040 2057; x_wconf 86' lang='lat'><strong>3</strong></span> <span class='ocrx_word' id='word_1_168' title='bbox 1073 2022 1260 2075; x_wconf 73' lang='grc' dir='ltr'>τέτρασιν</span> <span class='ocrx_word' id='word_1_169' title='bbox 1281 2015 1481 2058; x_wconf 88' lang='lat' dir='ltr'>XXXVI</span> <span class='ocrx_word' id='word_1_170' title='bbox 1506 2017 1527 2057; x_wconf 94' lang='grc'>1</span> <span class='ocrx_word' id='word_1_171' title='bbox 1562 2021 1774 2076; x_wconf 73' lang='grc' dir='ltr'>τέσσαρσιν</span> <span class='ocrx_word' id='word_1_172' title='bbox 1795 2017 1908 2059; x_wconf 89' lang='lat' dir='ltr'>XIX</span> <span class='ocrx_word' id='word_1_173' title='bbox 1931 2018 1954 2058; x_wconf 87' lang='grc'><strong>7</strong></span> 
     </span>
     <span class='ocr_line' id='line_1_25' title="bbox 495 2087 1957 2146; baseline 0 -15"><span class='ocrx_word' id='word_1_174' title='bbox 495 2091 680 2146; x_wconf 77' lang='grc' dir='ltr'>τετράτῳ</span> <span class='ocrx_word' id='word_1_175' title='bbox 705 2087 796 2128; x_wconf 90' lang='lat' dir='ltr'>XII</span> <span class='ocrx_word' id='word_1_176' title='bbox 818 2088 843 2128; x_wconf 84' lang='grc'>6</span> <span class='ocrx_word' id='word_1_177' title='bbox 877 2091 1060 2146; x_wconf 71' lang='grc' dir='ltr'>τετάρτῳ</span> <span class='ocrx_word' id='word_1_178' title='bbox 1083 2087 1165 2129; x_wconf 87' lang='lat' dir='ltr'>XL</span> <span class='ocrx_word' id='word_1_179' title='bbox 1188 2089 1212 2128; x_wconf 82' lang='lat'>2</span> <span class='ocrx_word' id='word_1_180' title='bbox 1247 2091 1446 2146; x_wconf 76' lang='grc' dir='ltr'>τετάρτην</span> <span class='ocrx_word' id='word_1_181' title='bbox 1477 2087 1641 2142; x_wconf 79' lang='lat' dir='ltr'>scripsi,</span> <span class='ocrx_word' id='word_1_182' title='bbox 1674 2100 1769 2130; x_wconf 82' lang='lat' dir='ltr'>cum</span> <span class='ocrx_word' id='word_1_183' title='bbox 1801 2088 1957 2141; x_wconf 82' lang='lat' dir='ltr'>quibus</span> 
     </span>
     <span class='ocr_line' id='line_1_26' title="bbox 495 2156 1956 2211; baseline 0.003 -13"><span class='ocrx_word' id='word_1_184' title='bbox 495 2156 646 2200; x_wconf 76' lang='lat' dir='ltr'>formis</span> <span class='ocrx_word' id='word_1_185' title='bbox 667 2157 978 2211; x_wconf 84' lang='lat' dir='ltr'>grammaticus</span> <span class='ocrx_word' id='word_1_186' title='bbox 998 2158 1092 2210; x_wconf 87' lang='lat' dir='ltr'>ipse</span> <span class='ocrx_word' id='word_1_187' title='bbox 1114 2170 1216 2200; x_wconf 86' lang='lat' dir='ltr'>usus</span> <span class='ocrx_word' id='word_1_188' title='bbox 1237 2158 1296 2200; x_wconf 86' lang='lat' dir='ltr'>sit</span> <span class='ocrx_word' id='word_1_189' title='bbox 1313 2157 1482 2199; x_wconf 89' lang='lat' dir='ltr'>definiri</span> <span class='ocrx_word' id='word_1_190' title='bbox 1498 2170 1583 2200; x_wconf 90' lang='lat' dir='ltr'>non</span> <span class='ocrx_word' id='word_1_191' title='bbox 1599 2159 1748 2211; x_wconf 84' lang='lat' dir='ltr'>possit.</span> <span class='ocrx_word' id='word_1_192' title='bbox 1793 2159 1956 2202; x_wconf 89' lang='lat' dir='ltr'>Eodem</span> 
     </span>
     <span class='ocr_line' id='line_1_27' title="bbox 496 2228 1955 2274; baseline 0.003 -4"><span class='ocrx_word' id='word_1_193' title='bbox 496 2229 619 2271; x_wconf 91' lang='lat' dir='ltr'>modo</span> <span class='ocrx_word' id='word_1_194' title='bbox 650 2229 928 2271; x_wconf 86' lang='lat' dir='ltr'>iudicandum</span> <span class='ocrx_word' id='word_1_195' title='bbox 960 2230 1137 2271; x_wconf 89' lang='lat' dir='ltr'>videtur</span> <span class='ocrx_word' id='word_1_196' title='bbox 1169 2230 1221 2271; x_wconf 90' lang='lat' dir='ltr'>de</span> <span class='ocrx_word' id='word_1_197' title='bbox 1253 2228 1417 2271; x_wconf 83' lang='lat' dir='ltr'>dativis</span> <span class='ocrx_word' id='word_1_198' title='bbox 1447 2232 1520 2273; x_wconf 70' lang='grc' dir='ltr'>δύο</span> <span class='ocrx_word' id='word_1_199' title='bbox 1543 2229 1589 2271; x_wconf 90' lang='lat' dir='ltr'>II</span> <span class='ocrx_word' id='word_1_200' title='bbox 1612 2231 1637 2271; x_wconf 84' lang='lat'><strong>3</strong></span> <span class='ocrx_word' id='word_1_201' title='bbox 1661 2233 1705 2272; x_wconf 88' lang='lat' dir='ltr'>et</span> <span class='ocrx_word' id='word_1_202' title='bbox 1725 2234 1836 2274; x_wconf 75' lang='grc' dir='ltr'>δυσίν</span> <span class='ocrx_word' id='word_1_203' title='bbox 1856 2230 1955 2273; x_wconf 90' lang='lat' dir='ltr'>XX.</span> 
     </span>
    </p>
   </div>
   <div class='ocr_carea' id='block_1_7' title="bbox 494 2310 1955 2804">
    <p class='ocr_par' dir='ltr' id='par_1_10' title="bbox 496 2310 1953 2443">
     <span class='ocr_line' id='line_1_28' title="bbox 615 2310 1953 2365; baseline 0.001 -11"><span class='ocrx_word' id='word_1_204' title='bbox 615 2312 857 2354; x_wconf 89' lang='lat' dir='ltr'>Pronomen</span> <span class='ocrx_word' id='word_1_205' title='bbox 876 2311 1108 2353; x_wconf 70' lang='lat' dir='ltr'>relativum</span> <span class='ocrx_word' id='word_1_206' title='bbox 1126 2310 1462 2354; x_wconf 85' lang='lat' dir='ltr'>demonstrativi</span> <span class='ocrx_word' id='word_1_207' title='bbox 1478 2310 1570 2354; x_wconf 90' lang='lat' dir='ltr'>loco</span> <span class='ocrx_word' id='word_1_208' title='bbox 1586 2313 1763 2365; x_wconf 88' lang='lat' dir='ltr'>ponitur</span> <span class='ocrx_word' id='word_1_209' title='bbox 1775 2313 1860 2356; x_wconf 90' lang='lat' dir='ltr'>XV</span> <span class='ocrx_word' id='word_1_210' title='bbox 1875 2315 1913 2356; x_wconf 88' lang='lat'>4.</span> <span class='ocrx_word' id='word_1_211' title='bbox 1929 2316 1953 2356; x_wconf 85' lang='lat'>5</span> 
     </span>
     <span class='ocr_line' id='line_1_29' title="bbox 496 2382 1824 2443; baseline 0.001 -17"><span class='ocrx_word' id='word_1_212' title='bbox 496 2386 522 2426; x_wconf 77' lang='grc' dir='ltr'><em>ἃ</em></span> <span class='ocrx_word' id='word_1_213' title='bbox 556 2388 624 2442; x_wconf 77' lang='grc' dir='ltr'>μέν</span> <span class='ocrx_word' id='word_1_214' title='bbox 656 2407 714 2411; x_wconf 84' lang='lat'><strong>—</strong></span> <span class='ocrx_word' id='word_1_215' title='bbox 747 2385 773 2426; x_wconf 78' lang='grc' dir='ltr'><strong><em>ἃ</em></strong></span> <span class='ocrx_word' id='word_1_216' title='bbox 804 2387 851 2427; x_wconf 66' lang='grc' dir='ltr'>δέ</span> <span class='ocrx_word' id='word_1_217' title='bbox 882 2408 940 2412; x_wconf 86' lang='grc'><strong>-</strong></span> <span class='ocrx_word' id='word_1_218' title='bbox 973 2386 999 2427; x_wconf 83' lang='grc' dir='ltr'><em>ἃ</em></span> <span class='ocrx_word' id='word_1_219' title='bbox 1031 2388 1078 2427; x_wconf 65' lang='grc' dir='ltr'>δέ</span> <span class='ocrx_word' id='word_1_220' title='bbox 1110 2386 1156 2425; x_wconf 66' lang='lat' dir='ltr'>et</span> <span class='ocrx_word' id='word_1_221' title='bbox 1186 2382 1295 2424; x_wconf 80' lang='lat' dir='ltr'>XVI</span> <span class='ocrx_word' id='word_1_222' title='bbox 1328 2382 1365 2423; x_wconf 81' lang='lat'>2.</span> <span class='ocrx_word' id='word_1_223' title='bbox 1400 2383 1424 2424; x_wconf 82' lang='lat'><strong>3</strong></span> <span class='ocrx_word' id='word_1_224' title='bbox 1458 2385 1485 2426; x_wconf 84' lang='grc' dir='ltr'><em>ἃ</em></span> <span class='ocrx_word' id='word_1_225' title='bbox 1517 2388 1587 2443; x_wconf 81' lang='grc' dir='ltr'>μέν</span> <span class='ocrx_word' id='word_1_226' title='bbox 1618 2409 1677 2413; x_wconf 78' lang='lat'>·—</span> <span class='ocrx_word' id='word_1_227' title='bbox 1708 2387 1735 2428; x_wconf 87' lang='grc' dir='ltr'><em>ἃ</em></span> <span class='ocrx_word' id='word_1_228' title='bbox 1765 2389 1824 2429; x_wconf 73' lang='grc' dir='ltr'>δέ.</span> 
     </span>
    </p>

    <p class='ocr_par' dir='ltr' id='par_1_11' title="bbox 494 2465 1955 2579">
     <span class='ocr_line' id='line_1_30' title="bbox 615 2465 1955 2520; baseline 0.004 -14"><span class='ocrx_word' id='word_1_229' title='bbox 615 2467 680 2506; x_wconf 77' lang='grc' dir='ltr'>ὅδε</span> <span class='ocrx_word' id='word_1_230' title='bbox 724 2478 957 2518; x_wconf 85' lang='lat' dir='ltr'>pronomen</span> <span class='ocrx_word' id='word_1_231' title='bbox 995 2466 1121 2509; x_wconf 87' lang='lat' dir='ltr'>abest</span> <span class='ocrx_word' id='word_1_232' title='bbox 1153 2478 1180 2508; x_wconf 86' lang='lat' dir='ltr'>a</span> <span class='ocrx_word' id='word_1_233' title='bbox 1211 2476 1405 2507; x_wconf 87' lang='lat' dir='ltr'>sermone</span> <span class='ocrx_word' id='word_1_234' title='bbox 1438 2465 1637 2508; x_wconf 86' lang='lat' dir='ltr'>Dosithei</span> <span class='ocrx_word' id='word_1_235' title='bbox 1668 2466 1805 2510; x_wconf 90' lang='lat' dir='ltr'>solum</span> <span class='ocrx_word' id='word_1_236' title='bbox 1837 2469 1955 2520; x_wconf 79' lang='grc' dir='ltr'>οὗτος</span> 
     </span>
     <span class='ocr_line' id='line_1_31' title="bbox 494 2536 755 2579; baseline 0 -1"><span class='ocrx_word' id='word_1_237' title='bbox 494 2536 755 2579; x_wconf 85' lang='lat' dir='ltr'>adhibentis.</span> 
     </span>
    </p>

    <p class='ocr_par' dir='ltr' id='par_1_12' title="bbox 495 2619 1954 2804">
     <span class='ocr_line' id='line_1_32' title="bbox 613 2619 1954 2678; baseline 0.001 -17"><span class='ocrx_word' id='word_1_238' title='bbox 613 2620 884 2662; x_wconf 88' lang='lat' dir='ltr'>Pronominis</span> <span class='ocrx_word' id='word_1_239' title='bbox 916 2619 1115 2673; x_wconf 68' lang='lat' dir='ltr'>reflexivi</span> <span class='ocrx_word' id='word_1_240' title='bbox 1137 2620 1312 2663; x_wconf 82' lang='lat' dir='ltr'>dativus</span> <span class='ocrx_word' id='word_1_241' title='bbox 1336 2623 1445 2678; x_wconf 82' lang='grc' dir='ltr'>αὑτῷ</span> <span class='ocrx_word' id='word_1_242' title='bbox 1469 2624 1616 2662; x_wconf 77' lang='lat' dir='ltr'>exstat</span> <span class='ocrx_word' id='word_1_243' title='bbox 1636 2621 1832 2664; x_wconf 83' lang='lat' dir='ltr'>LXVIII</span> <span class='ocrx_word' id='word_1_244' title='bbox 1855 2623 1892 2663; x_wconf 84' lang='lat'>2.</span> <span class='ocrx_word' id='word_1_245' title='bbox 1915 2623 1954 2673; x_wconf 84' lang='lat'>3,</span> 
     </span>
     <span class='ocr_line' id='line_1_33' title="bbox 495 2691 1954 2748; baseline 0.002 -17"><span class='ocrx_word' id='word_1_246' title='bbox 495 2702 589 2732; x_wconf 89' lang='lat' dir='ltr'>cum</span> <span class='ocrx_word' id='word_1_247' title='bbox 631 2691 827 2733; x_wconf 89' lang='lat' dir='ltr'>XXXIV</span> <span class='ocrx_word' id='word_1_248' title='bbox 859 2693 881 2734; x_wconf 86' lang='lat'><strong>7</strong></span> <span class='ocrx_word' id='word_1_249' title='bbox 930 2694 1077 2736; x_wconf 78' lang='grc' dir='ltr'>ἑαυτοῦ</span> <span class='ocrx_word' id='word_1_250' title='bbox 1125 2694 1271 2748; x_wconf 68' lang='grc' dir='ltr'>ἑαυτῆς</span> <span class='ocrx_word' id='word_1_251' title='bbox 1316 2697 1491 2747; x_wconf 79' lang='grc' dir='ltr'>ἑαυτῶν,</span> <span class='ocrx_word' id='word_1_252' title='bbox 1537 2693 1706 2746; x_wconf 87' lang='lat' dir='ltr'>reliqua</span> <span class='ocrx_word' id='word_1_253' title='bbox 1753 2691 1954 2745; x_wconf 88' lang='lat' dir='ltr'>deinceps</span> 
     </span>
     <span class='ocr_line' id='line_1_34' title="bbox 495 2761 777 2804; baseline 0.007 -2"><span class='ocrx_word' id='word_1_254' title='bbox 495 2761 777 2804; x_wconf 86' lang='lat' dir='ltr'>declinentur.</span> 
     </span>
    </p>
   </div>
  </div>
 </body>
</html>
