2148 3407
964 419 1082 461 aliud
1256 418 1368 461 alius

820 491 856 564 ξ
875 491 906 545 1)
969 495 1074 534 oeno
1258 494 1387 534 αλλου

961 561 1037 603 alii
1255 559 1365 602 alios·

962 636 1084 677 αλλοι
1257 631 1376 676 oen&

961 703 1075 745 aliae
1254 702 1397 745 aliarsi

963 779 1089 818 αλλαι
1103 774 1136 829 c²)
1251 775 1411 818 αλλαιῶ

961 845 1050 887 alia
1247 845 1431 887 aliorum

962 921 1074 960 αλλα
1246 920 1388 961 αλλων

580 1014 744 1057 Eodem
791 1013 913 1055 modo
958 1024 1053 1053 cum
1094 1011 1139 1053 in
1180 1011 1358 1063 reliquis
1394 1011 1717 1063 pronominibus
1748 1022 1925 1064 percen-

463 1085 605 1129 sendis
637 1084 804 1128 codices
836 1095 882 1126 se
914 1083 1139 1136 haberent,
1172 1094 1329 1135 operae
1361 1082 1549 1135 pretium
1580 1094 1666 1125 non
1689 1095 1781 1125 esse
1802 1086 1926 1125 ratus

462 1157 609 1201 varias
640 1156 849 1198 lectiones
882 1155 937 1196 ad
969 1166 1096 1196 unam
1129 1165 1273 1196 omnes
1306 1154 1517 1196 adnotare
1550 1154 1606 1196 ad
1637 1154 1829 1196 Keilium
1860 1154 1928 1197 ita

464 1241 530 1271 me
562 1226 793 1281 applicavi,
825 1229 875 1268 ut
907 1224 1205 1279 Sangallensis
1238 1225 1433 1267 ordinem
1465 1237 1779 1269 conservarem.

580 1300 647 1342 De
696 1309 854 1352 graeco
905 1308 1101 1339 sermone
1146 1295 1347 1338 Dosithei
1392 1297 1615 1348 postmodo
1662 1296 1924 1350 videbimus3

460 1372 546 1413 iam
592 1369 663 1412 hic
709 1369 822 1412 scias
863 1367 983 1421 volo,
1031 1380 1085 1409 ne
1128 1370 1368 1420 apparatus
1410 1367 1587 1410 criticus
1628 1367 1757 1410 meris
1797 1368 1926 1422 nugis

462 1443 740 1491 oneraretur,
782 1452 849 1482 me
880 1439 1015 1482 Keilii
1053 1437 1295 1490 exemplum
1328 1450 1420 1481 esse
1452 1441 1647 1481 secutum
1678 1439 1724 1481 in
1754 1438 1926 1493 graecis

462 1513 600 1556 multa
642 1523 753 1564 quae
794 1523 879 1553 non
921 1513 1013 1552 tam
1056 1522 1110 1552 ex
1141 1509 1402 1552 diversitate
1433 1509 1679 1562 scripturae
1710 1522 1839 1563 quam
1872 1522 1926 1553 ex

461 1582 741 1638 neglegentia
782 1583 970 1634 quadam
1011 1580 1083 1624 vel
1125 1580 1234 1624 vitio
1272 1581 1641 1634 pronuntiationis
1682 1584 1791 1624 nata
1821 1584 1926 1624 sunt

462 1654 716 1698 omittentis.
767 1653 880 1707 Quin
913 1652 1047 1694 etiam
1078 1664 1164 1694 non
1196 1652 1398 1695 dubitavi
1428 1652 1474 1695 in
1505 1652 1588 1695 hac
1620 1665 1668 1695 re
1698 1665 1785 1696 non
1816 1665 1923 1696 nun-

462 1739 590 1779 quam
630 1725 802 1780 longius
842 1724 917 1767 illo
960 1724 1204 1777 procedere.
1266 1724 1415 1776 Neque
1458 1723 1571 1766 enim
1612 1726 1662 1766 ut
1703 1736 1925 1778 perpauca

461 1798 662 1852 afferam,
706 1796 939 1849 quidquam
970 1795 1137 1837 referre
1167 1798 1273 1847 puto
1304 1795 1350 1836 in
1382 1795 1462 1837 hoc
1493 1795 1566 1839 vel
1595 1795 1641 1837 in
1671 1795 1747 1838 illo
1780 1795 1926 1839 codice

461 1868 717 1912 commutari
747 1867 864 1909 inter
896 1879 942 1909 se
975 1885 1002 1910 α
1034 1869 1079 1908 et
1106 1870 1132 1910 λ
1154 1865 1328 1908 litteras
1350 1866 1559 1922 (παηκτες,
1592 1866 1749 1927 χλιρω),
1782 1871 1808 1911 ’δ
1831 1870 1876 1909 et
1898 1871 1922 1911 λ

460 1941 786 1999 (διαῧογιζομαι,
832 1936 1097 1994 επιτηλευω),
1131 1956 1155 1993 η
1189 1940 1232 1979 et
1265 1957 1284 1981 ν
1316 1938 1544 1993 (ηενοηται,
1577 1938 1921 1999 εκφωνηῦνσεται)

461 2014 538 2053 aut
569 2011 701 2053 scribi
734 2028 931 2068 υηστερα,
974 2013 1131 2064 ληικιας
1163 2021 1240 2061 pro
1272 2014 1296 2064 ἣ
1332 2014 1501 2068 ὑστέρα,
1541 2014 1722 2065 ἡλικίας,
1756 2009 1845 2052 alia
1876 2009 1922 2051 id

460 2094 596 2135 genus
626 2080 973 2123 innumerabilia.

578 2152 700 2194 Haec
733 2153 785 2194 de
816 2151 940 2194 libris
972 2152 1279 2205 manuscriptis
1311 2153 1356 2194 in
1389 2152 1574 2194 medium
1595 2152 1791 2205 proferre
1813 2152 1922 2195 satis

459 2225 619 2277 habe03
661 2223 736 2266 sed
776 2222 984 2265 nonnulla
1026 2224 1186 2265 addere
1228 2224 1343 2265 haud
1388 2224 1444 2266 ab
1476 2236 1524 2266 re
1556 2223 1681 2278 duxi,
1724 2235 1835 2276 quae
1861 2224 1923 2266 ‘ad

460 2295 597 2338 verba
647 2294 789 2337 latina
840 2294 949 2336 artis
995 2294 1196 2336 Dosithei
1247 2295 1590 2349 redintegranda
1635 2307 1721 2338 non
1767 2307 1921 2348 parum

459 2366 609 2409 valere
639 2377 763 2408 nemo
795 2364 926 2407 facile
957 2365 1201 2418 negaverit.

576 2437 836 2479 Recentiore
877 2437 989 2479 enim
1031 2436 1236 2479 memoria
1278 2437 1330 2479 de
1371 2438 1520 2480 multis
1552 2438 1682 2481 rebus
1713 2438 1770 2480 ad
1799 2437 1920 2479 illam

458 2508 779 2560 pertinentibus
805 2520 981 2561 prorsus
1003 2508 1134 2550 aliter
1155 2520 1282 2559 quam
1306 2510 1521 2560 quondam
1542 2509 1707 2552 licebat
1727 2508 1921 2551 iudicare

459 2579 696 2622 didicimus.
748 2579 888 2622 Hodie
911 2582 1084 2623 constat
1105 2579 1359 2623 Dositheum
1383 2592 1477 2622 cum
1501 2580 1767 2623 enchiridion
1795 2579 1920 2632 quasi

579 2719 610 2761 1)
636 2733 698 2773 (Lm.
726 2724 769 2753 H

576 2778 613 2823 2)
640 2781 671 2812 N
696 2793 723 2827 ῃ
743 2787 818 2813 ante
843 2784 927 2814 αλλα
952 2783 995 2813 H
