2148 3407
404 554 424 586 00

477 283 532 323 40

476 412 506 441 p·
536 407 613 441 397-
643 398 720 439 398-
750 406 815 438 399
843 398 886 430 Κ-

476 478 607 514 ταῦτα
637 474 746 528 παρὰ
775 476 854 511 τῶν
885 470 1091 522 Ἑλλήνων
1120 474 1199 509 τῶν
1221 468 1315 517 ποᾷς
1336 482 1376 508 τι
1397 462 1554 523 προσ-αἱς
1571 466 1788 523 ορεύονται,
1820 465 1932 507 τοῦτ’

1250 507 1256 524 Ι

475 543 580 586 ἔστιν
621 544 717 599 πρός
752 557 804 583 τι.
867 539 972 582 ἔστιν
1004 541 1073 582 καὶ
1104 539 1223 596 ὅμοια
1343 543 1442 580 τοῦτ

474 630 563 655 τινα
593 615 738 670 τρόπον
770 614 1032 669 προσέχοντα,
1067 613 1119 660 ὡς
1149 612 1197 651 τὸ
1231 610 1359 660 δεξιός
1391 610 1607 665 ἀριστερὸς.

592 823 735 867 XXV.
790 824 931 866 νΕστιν
952 827 999 865 τέ
1019 839 1109 865 τινα
1131 824 1333 880 ὁμώνυμαῖ
1364 822 1390 862 ἃ
1414 826 1484 878 μιᾷ
1504 822 1751 877 προσηγορία
1769 821 1934 862 πλείονα

477 899 679 956 σημαίνει,
724 899 776 945 ὡς
816 897 865 937 τὸ
899 894 1066 952 ἔγγονος
1107 895 1233 945 τάξις.
1297 894 1476 950 σημαίνει
1511 894 1590 949 γὰρ
1622 893 1692 933 καὶ
1723 892 1935 948 ὡρισμένον
1986 899 2004 931 5

477 969 673 1025 εὐγενείας
704 967 864 1025 βαθμὸν
885 967 955 1008 καὶ
980 967 1227 1023 πραγμάτων
1251 967 1456 1021 μαμμῴων
1477 967 1736 1021 καταφαγᾶν.
1790 962 1936 1019 ὁμοίως

476 1042 524 1081 τὸ
557 1036 672 1079 acies
704 1039 773 1080 καὶ
805 1038 1028 1096 ὀφθαλμῶν
1059 1038 1227 1093 λέγεται
1257 1037 1327 1077 καὶ
1357 1036 1520 1091 σιδήρου
1552 1035 1622 1076 καὶ
1642 1034 1933 1090 στρατοπέδου.

478 1112 569 1152 τινά
599 1111 706 1152 ἐστιν
728 1112 947 1165 συνώνυμα,
982 1108 1009 1149 ἂ
1030 1109 1203 1149 πλείοσιν
1223 1108 1387 1156 λαλιαῒς
1407 1107 1455 1147 τὸ
1479 1105 1579 1147 αὐτὸ
1601 1105 1783 1162 σημαίνει
1835 1105 1936 1146 ,τινὰ

476 1183 523 1224 δὲ
555 1183 678 1239 μέσης
717 1182 945 1237 δυνάμεως,
991 1179 1017 1219 ἃ
1047 1180 1120 1232 τὴν
1162 1179 1362 1235 σημασίαν
1404 1177 1480 1218 ἀπὸ
1512 1182 1592 1218 τῶν
1624 1176 1937 1232 συνεζευγμένων

476 1252 767 1310 λαμβάνουσιν,
813 1254 866 1301 ὡς
905 1253 954 1292 τὸ
998 1253 1125 1308 μέγας
1167 1250 1342 1307 ἰσχυρός·
1391 1253 1526 1289 ταῦτα
1566 1249 1645 1304 γὰρ
1682 1246 1778 1288 καθ’
1808 1245 1937 1288 ἑαυτὰ
1964 1253 2007 1287 10

478 1325 623 1366 οὐδένα
662 1322 816 1381 ἔχουσιν
853 1328 941 1364 νοῦν
972 1322 1042 1363 καὶ
1070 1323 1140 1363 διὰ
1169 1326 1292 1362 τοῦτο
1325 1321 1433 1376 παρά
1463 1334 1578 1360 τινων
1609 1317 1836 1375 προσθῆκαι
1869 1318 1936 1358 λέ-

478 1411 631 1452 γονται,
668 1397 720 1444 ὡς
750 1395 798 1435 τὸ
833 1396 960 1451 μέγας
991 1393 1102 1449 ἀνήρ,
1136 1393 1293 1449 ἰσχυρὸς
1324 1392 1511 1447 στρατός.

598 1605 763 1648 XXVI.
826 1607 922 1656 Τοῖς
954 1606 1141 1663 ὀνόμασιν
1163 1604 1440 1662 συμβαίνουσιν
1462 1605 1532 1645 καὶ
1552 1603 1786 1660 συγκρίσεις.
1835 1601 1938 1660 βαθ-

482 1681 548 1737 μοὶ
577 1684 791 1736 τοιγαροῦν
822 1684 902 1719 τῶν
929 1678 1171 1734 συγκρίσεών
1193 1677 1286 1718 εἰσιν
1306 1680 1424 1732 τρεῖς,
1457 1675 1659 1724 ἀπόλυτος
1779 1688 1938 1731 συγκρι-

482 1752 593 1801 τικὸς
700 1750 955 1807 ὑπερῦετικός
1062 1750 1129 1790 ,τὰ
1153 1747 1335 1805 ὀνόματα
1350 1751 1424 1799 τῆς
1440 1747 1683 1803 συγκρίσεως
1699 1744 1942 1805 ἐπιτέθειται
1968 1752 2010 1786 15

482 1823 526 1864 οὐ
557 1823 710 1879 κυρίως.
773 1822 843 1863 καὶ
872 1822 951 1877 γὰρ
983 1821 1032 1861 τὸ
1065 1818 1216 1859 doctus
1239 1815 1253 1869 ΙΙ
1276 1819 1518 1875 συγκρίσεως
1548 1818 1695 1873 τρόπος
1726 1816 1799 1858 οὐκ
1819 1814 1939 1868 ἔστιν,

483 1894 602 1935 ὁπότε
625 1893 827 1942 ἀπόλυτος
849 1890 907 1944 εἴη
929 1893 999 1933 καὶ
1021 1891 1159 1948 μηδενὶ
1180 1891 1442 1946 συγκρίνοιτο.
1496 1890 1641 1946 ὁμοίως
1656 1888 1731 1934 <τὸ
1749 1883 1942 1933 doctior>

483 1965 527 2007 οὐ
557 1965 696 2013 καλῶς
734 1965 902 2020 λέγεται
942 1962 1213 2019 συγκριτικὸς,
1257 1960 1320 2002 ὅτι
1351 1960 1395 2002 οὐ
1428 1961 1642 2017 συγκρίνει,
1687 1959 1799 2000 ἀλλὰ
1830 1960 1940 2015 ὑπερ-

603 2399 624 2433 1
665 2410 818 2441 αντιπρος
850 2410 948 2431 τιτων
980 2398 1023 2429 ad
1057 2397 1187 2439 aliquid
1214 2407 1511 2439 προσαγονευονται
1536 2396 1635 2428 HM
1654 2406 1803 2437 ταντιρος
1827 2406 1858 2428 τι
1878 2406 1945 2428 των

484 2471 526 2502 πρ
553 2459 766 2501 appellantur
790 2468 1090 2500 προσαγορευονται
1115 2458 1141 2488 S
1163 2467 1249 2488 corr.
1277 2457 1358 2487 Keil
1464 2453 1486 2488 2
1513 2465 1660 2489 τουτεστι
1684 2455 1712 2487 S
1728 2452 1855 2498 Ι.ομοια
1878 2465 1945 2487 των

485 2530 565 2561 προς
589 2530 620 2552 τι
643 2519 744 2550 ΗΜ
770 2516 774 2558 1
809 2528 957 2551 τουτέστι
982 2518 1009 2548 S
1032 2527 1093 2548 om.
1120 2516 1220 2547 HM
1334 2514 1356 2548 6
1393 2526 1539 2557 ευγενιας
1564 2525 1592 2546 ω
1619 2511 1808 2556 συγγενείας
1831 2513 1914 2545 Keil
1938 2532 1941 2555 Ι

486 2589 607 2621 ομοιως
631 2589 668 2611 το
693 2575 782 2616 ταξις
807 2578 907 2609 HM
1007 2574 1029 2609 8
1055 2586 1124 2609 εστι
1148 2576 1175 2607 S
1267 2573 1314 2607 10
1340 2570 1444 2617 μέγας
1468 2569 1599 2618 ἰσχυρὸς
1623 2585 1684 2605 om.
1711 2573 1739 2605 S
1829 2569 1875 2604 12
1901 2571 1947 2610 ὥς

487 2635 674 2679 -στρατὸς
699 2648 760 2668 om.
779 2637 806 2668 S
905 2634 951 2668 13
977 2636 1183 2677 συνβαινοσιν
1211 2645 1267 2667 και
1293 2644 1446 2676 σινκρισις
1471 2643 1499 2664 ω
1525 2644 1613 2665 corr.
1636 2633 1719 2664 Keil
1810 2629 1857 2664 14
1882 2642 1947 2665 σιν-

487 2697 614 2730 ὓεσεων
649 2707 676 2727 ω
709 2692 913 2737 συγκρίσεων
946 2695 1028 2726 Keil
1062 2694 1066 2736 Ι
1106 2704 1269 2732 αποκυτος
1300 2694 1327 2724 S
1466 2691 1512 2725 16
1554 2690 1588 2726 τὸ
1616 2692 1734 2724 doctus
1766 2703 1829 2723 om.
1854 2692 1954 2723 HM

489 2754 531 2787 17
559 2753 594 2788 τὸ
622 2755 753 2786 doctior
777 2755 854 2786 add.
879 2754 961 2786 lx'eil
