2148 3407
453 307 508 348 32

458 437 490 468 p·
519 432 597 466 393-
626 432 693 464 394
722 423 764 455 K-

457 501 542 551 νίκη
574 512 598 551 η
631 503 711 538 τῶν
743 501 982 553 συνωμοτῶν
1015 495 1288 553 ἐγγράφεταΰ,
1321 496 1391 537 καὶ
1411 494 1668 553 ἑρμηνεύεται
1688 497 1738 537 τὸ
1759 501 1922 538 τοιοῦτο

385 579 407 612 4
458 574 595 628 σχῆμα
625 570 694 609 διὰ
725 572 800 620 τῆς
829 569 995 619 δοτικῆς
1118 566 1174 616 .ὃς
1205 569 1335 608 κανὼν
1366 567 1436 608 καὶ
1466 567 1506 607 ἐν
1533 571 1618 616 τοῖς
1640 566 1830 624 ὀνόμασιν
1849 571 1924 619 τῆς

457 643 652 697 δευτέρας
682 640 875 691 κλίσεως,
919 638 971 679 ὧν
1003 639 1072 680 καὶ
1102 639 1127 691 ἧ
1161 638 1396 696 ἀφαιρετικὴ
1429 638 1498 679 καὶ
1528 639 1552 690 ἡ
1584 639 1727 690 δοτικὴ
1760 639 1786 690 ἣ
1819 638 1922 690 αὐτή

458 713 577 764 ἐστιν,
610 711 974 768 παραφυλάττεται
1005 710 1074 751 καὶ
1105 710 1144 750 ἐν
1172 714 1257 758 τοῖς
1279 707 1466 766 ὀνόμασιν
1486 714 1561 762 τῆς
1581 711 1719 766 τρίτης
1739 710 1922 760 κλίσεως,

459 783 512 825 ὧν
555 783 699 840 ὁμοίως
740 783 764 834 ἡ
808 781 1042 834 ἀπενεκτικὴ
1084 782 1154 823 καὶ
1189 781 1267 833 <ή>
1297 782 1440 833 δοτικὴ
1472 782 1497 833 ἡ
1531 781 1633 833 αὐτή
1667 781 1797 833 ἐστιν,
1843 777 1924 822 οἷον
1974 788 1995 824 5

387 865 406 898 5
456 857 655 911 δευτέρῳ,
700 853 798 895 ὅταν
840 852 1097 894 ἀπενεκτικαὶ
1137 854 1440 909 συνεζευγμέναι
1475 856 1611 910 γενικῇ
1643 851 1927 909 ἑρμηνεύονται

387 936 408 970 6
458 925 662 984 ἑλληνικῇ,
696 922 777 966 οἷον
899 925 1034 980 ,τρίτῳ
1057 924 1204 980 τρόπῳ,
1235 923 1333 964 ὅταν
1353 929 1477 965 τοῦτο
1499 924 1548 964 τὸ
1571 928 1711 981 σχῆμα
1731 924 1780 964 τὸ
1804 921 1924 975 ἑλλη-

459 998 563 1039 νικὸν
686 996 882 1054 ῥωμαϊστὶ
903 994 1082 1053 εἴπωμεν,
1116 995 1245 1036 ἐλπίδι
1264 1000 1338 1036 τοῦ
1359 994 1573 1046 δύνασθαι,
1606 996 1834 1051 προαιρέσει
1851 999 1926 1036 τοῦ

390 1080 408 1113 7
459 1068 684 1128 λῃστεύειν,
719 1068 899 1125 σχήματι
928 1072 1001 1108 τοῦ
1035 1066 1298 1124 ἐπιβουλεύειν
1421 1067 1618 1123 ,τετράτῳ
1651 1066 1786 1122 τρόπῳ
1819 1061 1841 1084 *
1875 1067 1928 1114 ὡς

460 1141 500 1181 ἐν
531 1141 665 1196 ἐκείνῳ
699 1135 720 1158 *
752 1140 926 1196 λέγομεν
956 1140 1035 1195 γὰρ
1069 1139 1196 1188 οὕτως
1225 1138 1406 1195 <μηδενὸς
1439 1137 1564 1196 φόβου
1586 1143 1667 1178 τῶν
1690 1132 1704 1186 ΙΙ
1726 1137 1925 1194 πολεμίων
1954 1142 1997 1178 10

462 1212 516 1262 εἰς
561 1213 637 1260 τὰς
678 1210 939 1268 παρεμβολὰς
986 1210 1265 1262 εἰσεπήδησεν,
1316 1210 1512 1266 μηδεμιᾶς
1554 1209 1715 1258 ἐλπίδος
1762 1209 1931 1265 δυνάμει

462 1281 739 1340 περιγενέσθαι
779 1283 928 1339 χάρακι
957 1282 1027 1323 καὶ
1056 1282 1197 1339 τάφρῳ
1230 1282 1285 1322 τὰ
1314 1281 1427 1338 τείχη
1459 1279 1714 1338 περιβάλλει,
1759 1279 1930 1321 οὐδένων

465 1355 654 1413 φυλάκων
671 1355 720 1395 τὸ
737 1354 964 1395 παλλάδιον
980 1354 1154 1410 ἡρπάγη,
1174 1354 1371 1410 μηδεμιᾶς
1387 1352 1549 1408 ἐνέδρας
1567 1357 1745 1409 φανερῶς
1763 1350 1929 1403 ἐνικήθη

394 1435 415 1469 8
466 1427 487 1468 ὁ
518 1425 729 1483 πολέμιοςῖ
782 1430 989 1482 πανταχοῦ
1021 1426 1100 1481 γὰρ
1123 1425 1308 1465 ἐπιλείπει
1329 1424 1349 1464 ὁ
1374 1423 1573 1481 ῥωμαϊκὸς
1593 1423 1732 1479 λόγος,
1765 1423 1930 1474 δηλαδὴ

464 1499 535 1539 διὰ
574 1502 721 1549 τοῦτο,
767 1496 830 1538 ὅτι
869 1496 942 1538 δύο
987 1496 1242 1537 ἀπενεκτικαὶ
1282 1489 1382 1549 [καὶ]
1425 1493 1663 1552 ὂνοματικαί
1695 1494 1788 1535 εἰσιν
1821 1508 1930 1535 συνε-
1959 1499 2002 1534 15

465 1571 699 1626 ζευγμέναι·
734 1571 786 1618 ὡς
817 1568 850 1609 εἰ
881 1569 905 1621 ἡ
939 1568 1010 1625 μία
1042 1568 1234 1624 μετοχικὴ
1267 1564 1340 1619 εἴη,
1374 1566 1447 1608 οὐκ
1478 1565 1704 1607 ἐπιλείπειὸ
1730 1565 1931 1622 ῥωμαϊκὸς

466 1641 605 1697 λόγος,
639 1639 753 1681 ἀλλὰ
782 1641 935 1696 πλήρης
966 1639 1086 1691 ἐστίν,
1120 1640 1248 1695 ὥσπερ
1281 1638 1321 1679 ἐν
1351 1642 1437 1687 τοῖς
1469 1637 1653 1694 ἀνωτέρω
1776 1637 1846 1678 καὶ
1875 1637 1932 1677 τὰ

468 1713 590 1753 λοιπὰ
622 1711 649 1752 ἃ
680 1711 720 1752 ἐν
751 1717 810 1767 τῷ
841 1712 1017 1768 δευτέρῳ
1048 1711 1182 1767 τρόπῳ
1215 1708 1454 1766 ἐξεῦέμεῦα.

595 2374 615 2407 1
659 2385 857 2417 ενγραφεται
888 2373 988 2404 HM
1014 2383 1222 2414 ενιγραφεται
1254 2372 1280 2403 S
1420 2370 1443 2403 3
1484 2367 1504 2413 ἦ
1537 2375 1612 2402 ante
1644 2366 1728 2412 αὐτή
1759 2380 1821 2401 om.
1847 2370 1948 2400 HM

476 2433 499 2467 4
524 2446 615 2477 τριτη
641 2435 686 2466 Η
694 2435 742 2466 M
757 2432 761 2476 Ι
784 2430 922 2470 κλίσεως
947 2443 1008 2464 om.
1036 2432 1063 2463 S
1155 2429 1177 2464 5
1203 2441 1313 2473 ομοιον
1338 2431 1438 2462 HM
1454 2428 1458 2473 Ι
1480 2429 1501 2472 ἣ
1527 2435 1602 2462 ante
1627 2426 1742 2472 δοτική
1768 2429 1844 2460 add.
1862 2429 1945 2460 Keil

477 2494 499 2527 6
537 2504 771 2535 απενεκτικηαι
797 2504 824 2525 ω
852 2503 938 2524 corr.
965 2492 1048 2523 Keil
1066 2489 1070 2533 Ι
1094 2485 1338 2533 ἑρμηνεύωνται
1362 2490 1445 2521 Keil
1544 2487 1566 2523 8
1605 2486 1770 2531 ῥωμαϊστὶ
1794 2482 1941 2530 εἴπωμεν

471 2559 548 2596 post
572 2547 790 2595 ἐπιβουλεύειν
816 2552 917 2584 HM
1038 2549 1060 2584 9
1098 2548 1209 2592 τρὸπῳ
1236 2561 1298 2581 om.
1325 2550 1351 2581 S
1477 2547 1522 2582 11
1562 2550 1711 2591 μηδεμια
1735 2550 1825 2586 ελπις
1849 2548 1949 2578 ΗΜ

480 2614 631 2656 μηδεμια
655 2623 748 2651 εαπις
774 2613 801 2644 S
821 2623 908 2643 corr.
934 2612 1016 2643 Keil
1117 2608 1163 2642 12
1189 2610 1393 2651 περιβαλλειν
1419 2610 1519 2640 HM
1615 2607 1661 2641 13
1685 2618 1794 2651 ηρπρη
1820 2607 1865 2638 H
1884 2617 1940 2650 ηρ·

479 2683 569 2715 παρη
595 2673 677 2704 MS
698 2683 785 2704 corr.
811 2672 894 2704 Keil
1034 2668 1080 2703 15
1105 2668 1163 2703 καὶ
1188 2669 1247 2700 del.
1275 2669 1358 2700 Keil
1498 2666 1545 2701 16
1570 2664 1590 2710 ἦ
1617 2665 1679 2711 μία
1702 2667 1785 2699 Keil
1804 2677 1890 2708 ημαι
1913 2676 1942 2697 ω

481 2731 524 2764 17
562 2742 722 2770 ωσπετοις
756 2729 965 2774 (ωσπερετοις
990 2728 1050 2772 M)
1086 2739 1242 2771 ανωτερω
1274 2739 1454 2771 ηγουμενες
1479 2739 1533 2766 τες
1559 2726 1630 2770 (της
1653 2724 1715 2769 M)
1747 2726 1826 2760 ὓεου
1851 2725 1951 2756 HM

482 2790 527 2825 18
552 2802 629 2824 εντα
654 2792 699 2822 Η
