2148 3407
469 317 522 358 18

467 446 499 477 p.
528 433 606 475 385.
635 434 702 474 386
729 435 773 466 K.

469 509 557 564 ρίως
599 508 668 564 μὲν
708 509 874 548 δασεῖαν
911 509 1112 564 περιέχον,
1160 506 1384 564 άναῧεχῦὲν
1415 509 1461 549 δὲ
1493 509 1684 565 χυδαίως,
1729 511 1781 557 ὡς
1812 509 1925 566 ἡμεῖς

466 580 638 636 λέγομεν
669 583 1025 635 καταχρηστικῶς,
1069 578 1123 627 εἰς
1153 579 1224 619 τὸν
1256 578 1426 635 ἀριθμὸν
1457 585 1538 621 τῶν
1570 579 1735 638 ἀφώνων
1766 581 1924 621 πάντων

1164 604 1174 619 »a

467 644 543 703 [δὲ]
583 655 664 691 τῶν
705 651 936 707 φωνηέντων
977 663 1273 705 προτασσεται,
1317 650 1446 691 οὐδενὶ
1486 651 1758 693 ὑποτάσσεται
1798 651 1832 692 εἶ
1870 652 1923 708 μὴ

467 722 698 779 συμφώνοις,
722 723 774 769 ὡς
794 720 834 761 ἐν
855 725 914 775 τῷ
1035 721 1105 761 καὶ
1125 720 1165 761 ἐν
1186 725 1272 770 τοῖς
1294 719 1516 773 ἑλληνικοῖς
1539 721 1739 779 ὀνόμασιν,
1764 725 1816 772 ὡς
1839 720 1923 774 Θῆ-

419 800 440 834 6
467 792 545 849 βαι.
605 789 638 831 k
668 792 838 848 γράμμα
869 791 1077 848 σύμφωνον
1106 789 1262 849 ἄφωνον
1284 793 1446 848 σημείου
1471 793 1588 849 μόνον
1610 792 1728 834 ἕνεκα
1747 793 1921 845 τίθεται,
1973 801 1995 835 5

398 1794 442 1830 10

467 863 565 904 ὅταν
607 863 631 915 ἢ
674 863 884 911 καλάνδας
925 863 1043 918 μόνον
1085 863 1267 919 σημαίνει
1305 864 1330 916 ἢ
1363 863 1559 905 Καίσωνα
1680 873 1720 914 ,p
1752 865 1924 921 γράμμα

466 934 673 991 σύμφωνον
704 934 774 975 καὶ
803 934 1076 990 προτάσσεται
1106 935 1340 991 φωνηέντων
1371 935 1441 976 καὶ
1472 936 1765 987 ὑποτάσσεται,
1800 937 1852 984 ὡς
1883 935 1924 976 ἐν

465 1005 624 1054 τούτοις
745 1004 1039 1061 ’προτάσσεται
1064 1005 1134 1046 καὶ
1154 1007 1384 1063 συμφώνων,
1419 1008 1471 1055 ὡς
1492 1007 1540 1047 τὸ
1564 1001 1718 1063 [κροτεῖ
1736 1000 1899 1063 ἀριστᾷ]
1913 1015 1922 1024 ·

466 1080 628 1132 σημεῖον
658 1080 956 1133 χρηματισμοῦ,
988 1075 1087 1117 ὅταν
1119 1077 1238 1132 μόνον
1269 1076 1468 1134 Πούβλιον
1499 1078 1692 1134 σημαίνει,
1724 1078 1795 1119 καὶ
1825 1076 1924 1118 ὅταν

466 1152 538 1188 τσῦ
571 1156 594 1185 r
624 1147 949 1204 προτασσόμενον
980 1147 1082 1188 λαὸν
1116 1146 1289 1204 ῥωμαῖον
1319 1148 1390 1189 καὶ
1416 1149 1739 1205 ὑποτασσόμενον
1759 1153 1818 1203 τῷ
1840 1157 1864 1187 1·
1950 1155 1994 1190 10

467 1219 536 1259 καὶ
575 1218 901 1275 προτασσόμενον
942 1223 1015 1259 τοῦ
1048 1227 1073 1257 C>
1102 1219 1344 1275 γράμματος
1466 1228 1506 1268 .q
1527 1217 1541 1270 ΙΙ
1564 1221 1734 1276 γράμμα
1765 1218 1924 1277 σύμφω-

466 1304 531 1331 νον
573 1288 729 1347 ἄφωνον
760 1290 806 1330 ἐκ
836 1295 916 1330 τῶν
949 1298 971 1327 C
1002 1289 1072 1330 καὶ
1101 1298 1130 1328 11
1161 1290 1412 1346 γραμμάτων
1443 1291 1720 1347 συγκείμενον,
1764 1295 1926 1347 σημεῖον

466 1366 757 1418 χρηματισμοῦ,
781 1361 901 1402 ὁπότε
923 1361 1042 1417 μόνον
1153 1362 1345 1417 σημαίνει,
1371 1362 1514 1418 ὁμοίως
1534 1362 1604 1403 καὶ
1623 1366 1741 1418 τιμῆς
1761 1362 1785 1414 ἢ
1809 1361 1925 1412 ἀξιώ-

468 1447 609 1489 ματος,
633 1432 753 1473 ὁπότε
858 1433 990 1484 δηλοῖ,
1015 1432 1129 1473 οὐδὲν
1150 1432 1198 1473 ’δὲ
1219 1430 1394 1473 ἔλαττον
1415 1434 1485 1474 καὶ
1504 1434 1646 1490 δῆμον,
1670 1433 1792 1474 ὁπότε
1814 1433 1924 1488 αὐτῷ

467 1502 743 1560 σημειούμεῦα
831 1504 974 1560 ’μόνου
993 1508 1065 1544 τοῦ
1083 1512 1111 1541 u
1127 1504 1368 1560 γράμματος
1384 1505 1668 1561 προτάσσεται.
1719 1503 1927 1560 ῐγράμμα
1953 1511 1997 1546 15

468 1573 676 1632 σύμφωνον
708 1572 864 1632 ἄφωνον
895 1575 964 1615 καὶ
993 1574 1318 1631 προτασσόμενον
1349 1578 1582 1633 φωνηέντων
1613 1575 1682 1617 καὶ
1703 1575 1926 1617 ὑποτασσό-

469 1660 597 1702 μενον,
641 1647 693 1694 ὡς
723 1646 772 1686 τὸ
806 1640 986 1701 [ἤνεγκεν
1017 1640 1317 1702 προσήνεγκεν]·
1360 1649 1635 1704 προτάσσεται
1665 1647 1735 1687 καὶ
1764 1648 1926 1704 συμφώ-

468 1732 561 1768 νων,
596 1719 648 1766 ὡς
679 1711 851 1773 [τραβέα
881 1711 1040 1770 Reme]-
1073 1721 1235 1773 σημεῖον
1266 1722 1560 1774 χρηματισμοῦ,
1595 1715 1716 1759 ὁπότε
1747 1718 1867 1775 μόνον

468 1789 659 1845 σημαίνει.
721 1788 903 1840 τούτοις,
949 1790 1001 1837 ὡς
1042 1788 1083 1829 ἐν
1124 1793 1182 1843 τῷ
1225 1788 1411 1845 ἀνωτέρω
1453 1786 1680 1845 <εἴρηται>,
1722 1787 1927 1846 συμβαίνει

586 2199 607 2232 1
635 2198 820 2244 ἀναδεχῦὲν
846 2197 898 2243 δὲ]
926 2200 1154 2244 αναλεχῦεντα
1178 2201 1222 2231 Η
1242 2200 1473 2244 αναδεχῦεντα
1499 2201 1524 2232 S
1546 2212 1633 2232 corr.
1660 2201 1742 2232 Keil
1889 2201 1928 2234 δε

468 2261 528 2292 del.
556 2258 661 2302 Keil}
683 2272 749 2293 των
775 2271 886 2302 φωνον
912 2261 955 2291 H
1061 2257 1085 2292 4
1119 2271 1165 2298 ως
1190 2271 1224 2293 εν
1249 2271 1286 2293 το
1312 2259 1430 2291 thasea
1454 2257 1520 2302 ΗΙ
1541 2260 1640 2301 τηβαι
1664 2260 1738 2291 HS
1902 2260 1926 2292 k

468 2330 529 2350 om.
557 2319 583 2351 S
601 2317 606 2362 Ι
628 2330 733 2353 ενακα
757 2320 831 2350 HS
853 2330 939 2351 corr.
966 2319 1049 2350 Keil
1142 2317 1164 2352 6
1189 2330 1291 2361 ηοταν
1316 2319 1390 2350 HS
1412 2330 1499 2350 corr.
1527 2319 1609 2351 Keil
1626 2316 1630 2361 Ι
1653 2330 1779 2353 κατονα
1803 2320 1848 2351 Η
1866 2330 1926 2353 κα-

468 2389 565 2412 τονεα
590 2379 617 2410 S
638 2387 726 2410 corr.
753 2377 857 2421 Keil}
880 2389 901 2420 p
928 2379 1010 2410 Keil
1033 2378 1067 2411 Π
1091 2379 1135 2410 H
1155 2390 1216 2410 om.
1244 2379 1270 2409 S
1366 2377 1383 2410 7
1411 2388 1634 2420 προτασσεται
1660 2389 1782 2421 φωνοις
1805 2389 1864 2412 και
1887 2379 1932 2410 H

468 2449 530 2469 om.
558 2438 582 2468 S
605 2448 692 2469 corr.
719 2438 801 2470 Keil
819 2436 824 2481 1
846 2449 893 2476 ως
917 2449 953 2471 το
978 2439 1023 2469 Η
1129 2435 1152 2471 8
1189 2439 1228 2471 δε
1251 2449 1309 2471 και
1333 2439 1377 2470 Η
1397 2439 1562 2481 σῦφωνοις
1586 2439 1631 2469 Η
1649 2449 1765 2481 σιμφις
1790 2439 1816 2470 S
1836 2449 1924 2470 corr.

469 2497 552 2528 Keil
570 2496 574 2539 Ι
596 2498 709 2539 κροτεῖ
730 2495 849 2539 ἀριστᾷ
872 2498 989 2529 seclusi
1099 2496 1121 2530 9
1148 2497 1291 2539 publion
1316 2499 1361 2529 H
1379 2510 1440 2529 om.
1468 2498 1494 2529 S
1599 2495 1646 2530 10
1670 2495 1750 2531 λαὸν
1777 2496 1925 2540 ῥωμαῖον

469 2567 531 2586 om.
557 2556 584 2587 S
602 2553 608 2598 Ι
629 2557 688 2589 τοῦ
712 2566 728 2586 r
752 2557 825 2588 HS
847 2568 934 2588 corr.
962 2557 1045 2588 Keil
1173 2555 1216 2589 11
1255 2568 1451 2600 γραμματος
1476 2568 1630 2601 σημαινει
1654 2557 1699 2589 Η
1726 2555 1730 2600 Ι
1765 2567 1786 2598 q
1811 2567 1873 2588 om.
1901 2557 1928 2588 S

468 2613 514 2647 12
540 2626 578 2648 εκ
602 2626 658 2648 του
684 2627 880 2658 γραμματον
906 2614 1107 2658 (γραμματω
1134 2614 1176 2660 S)
1203 2617 1276 2647 HS
1297 2628 1384 2648 corr.
1411 2617 1494 2649 Keil
1602 2615 1648 2649 15
1681 2621 1694 2648 t
1717 2627 1779 2648 om.
1806 2615 1833 2648 S
1854 2627 1924 2658 φω-

467 2685 533 2712 νοις
556 2674 601 2705 Η
715 2673 761 2707 16
795 2686 958 2718 συφωνοις
982 2676 1026 2707 Η
1046 2687 1188 2719 συμφοις
1214 2676 1239 2707 S
1261 2687 1346 2708 corr.
1373 2677 1456 2708 Keil
1571 2674 1615 2708 17
1642 2672 1777 2718 ἤνεγκεν
1803 2672 1924 2718 προσή-

468 2744 580 2775 νεγκεν
620 2734 736 2765 seclusi
886 2732 932 2768 18
972 2734 1114 2769 TPAVe
1151 2735 1269 2768 ΔΟΚω
1308 2736 1334 2767 S
1368 2747 1430 2767 em.
1469 2736 1513 2766 Η
1548 2730 1673 2777 τραβέα
1709 2732 1815 2773 δοκός,
1844 2735 1928 2766 Keil

469 2790 514 2823 19
540 2787 665 2834 εἴρηται
690 2794 764 2824 add.
793 2794 873 2825 Keil

1841 2199 1863 2247 3.

1848 2258 1870 2293 5
