2148 3407
409 1091 429 1124 [0

474 323 528 364 20

475 453 508 484 p.
539 442 616 481 386.
645 440 710 481 387
739 441 782 472 K.

475 508 768 571 [προσέρχεται]
809 514 879 554 διὰ
919 513 994 560 τὰς
1034 512 1148 562 ξένας
1188 510 1314 560 λέξεις
1354 510 1403 550 τὸ
1445 519 1468 548 Ζ
1509 510 1579 551 καὶ
1619 510 1666 550 τὸ
1704 517 1754 559 y,
1798 510 1850 557 ὡς
1891 507 1931 548 ἐν

475 587 630 638 Ζήνωνι
659 585 728 626 καὶ
756 583 962 639 Ὑακίνθῳ.

939 745 1085 793 ΠΕΡΙ
1124 743 1468 792 ΣΥΛΛΑΒΙ-ΙΣ

596 866 674 907 XI.
712 867 903 924 Συλλαβη
921 867 1027 908 ἐστιν
1044 870 1239 923 στοιχεῖον
1257 869 1407 922 φωνῆεν
1423 865 1447 917 ἢ
1466 866 1668 922 στοιχείων
1685 865 1851 915 σύνοδος
1865 866 1935 906 διά

478 955 583 989 τινος
614 941 836 998 φωνήεντος
867 939 1173 994 συνειλημμένη,
1206 936 1318 977 τοῦτ’
1347 934 1454 977 ἔστιν
1485 937 1689 994 στοιχείων
1720 936 1934 993 ἐζευγμένη

479 1012 707 1069 ἐκφώνησις.
769 1009 973 1066 συλλαβαὶ
1002 1010 1194 1065 λέγονται
1225 1007 1302 1048 ἀπὸ
1333 1013 1413 1048 τῶν
1444 1006 1662 1059 ἑλληνικῶν
1683 1008 1934 1065 συλλήψεων.

482 1081 601 1124 αῧται
641 1082 688 1123 δὲ
723 1082 748 1134 ἢ
782 1081 964 1139 βραχεῒαί
995 1080 1087 1121 εἰσιν
1118 1080 1142 1132 ἢ
1177 1079 1338 1136 μακραί.
1402 1078 1591 1136 βραχείας
1621 1079 1937 1136 συνεσταλμένον

481 1158 630 1211 φωνῆεν
660 1157 772 1204 ποιεῖ,
804 1153 829 1204 ἢ
863 1152 961 1192 ὅταν
991 1152 1241 1208 προάγοντος
1272 1152 1481 1208 συμφώνου
1514 1151 1756 1207 γράμματος
1786 1155 1938 1208 φωνῆεν

482 1226 544 1267 ἐπὶ
583 1226 727 1273 τέλους
768 1223 976 1280 συλλαβῆς
1017 1222 1307 1273 συστέλλεται,
1352 1223 1508 1278 μακρὰς
1549 1221 1826 1278 ἐκτεταμένον.
1898 1221 1938 1263 ἐν

480 1301 532 1355 τῆ
565 1296 733 1353 βραχεία
763 1293 950 1352 συλλαβῇ
981 1294 1121 1351 χρόνος
1152 1293 1260 1334 ἐστὶν
1292 1290 1357 1344 εἷς,
1391 1292 1431 1333 ἐν
1462 1297 1514 1350 τῇ
1548 1297 1683 1349 μακρᾷ
1713 1292 1800 1334 δυό.
1824 1291 1839 1345 Η

602 1367 642 1408 αἱ
687 1366 891 1422 συλλαβαὶ
930 1366 954 1417 ἢ
997 1365 1110 1423 φύσει
1151 1365 1301 1421 μακραί
1341 1364 1433 1405 εἰσιν
1473 1364 1498 1416 ἢ
1541 1363 1664 1405 θέσει.
1727 1364 1840 1422 φύσει
1879 1365 1938 1421 γί-

481 1454 616 1481 νονται
658 1438 828 1495 μακραί,
872 1436 970 1477 ὅταν
1011 1436 1247 1492 καταμόνας
1286 1437 1341 1476 τὰ
1382 1437 1589 1493 φωνήεντα
1619 1436 1846 1492 γράμματα
1875 1436 1938 1476 ἐκ·

482 1511 681 1562 τείνηται,
727 1512 778 1558 ὡς
818 1509 868 1549 τὸ
908 1517 934 1546 a
965 1508 1085 1555 <καὶ>
1116 1516 1140 1546 e
1170 1507 1194 1559 ἢ
1229 1505 1327 1548 ὃταν
1357 1506 1454 1558 δύο,
1499 1509 1551 1556 ὡς
1581 1508 1630 1548 τὸ
1662 1515 1740 1559 ua,
1783 1507 1808 1559 ἢ
1841 1506 1940 1548 ὅταν

482 1582 592 1637 τρία,
627 1583 679 1629 ὡς
708 1581 757 1621 τὸ
789 1587 892 1618 uae·
934 1578 1045 1620 θέσει
1074 1579 1122 1620 δὲ
1153 1578 1251 1619 ὅταν
1283 1578 1599 1635 συνεσταλμένον
1630 1582 1781 1636 φωνῆεν
1812 1578 1939 1636 ἐπιφε-

485 1653 631 1709 ρόμενα
652 1650 724 1710 ἔχη
744 1651 817 1692 δύο
841 1650 1032 1708 σύμφωνα
1045 1656 1054 1664 ’
1077 1650 1147 1691 καὶ
1166 1654 1301 1690 ταῦτα
1322 1649 1346 1701 ἢ
1370 1649 1410 1690 ἐν
1430 1653 1483 1708 τῇ
1507 1649 1610 1707 αὐτῇ
1633 1648 1821 1707 συλλαβῇ
1842 1650 1939 1706 εὑρί-

485 1738 637 1774 σκεται,
672 1725 724 1772 ὡς
754 1723 803 1763 τὸ
835 1731 927 1772 ars,
959 1721 983 1774 ἢ
1017 1721 1056 1762 ἐν
1087 1725 1140 1779 τῇ
1171 1721 1349 1773 πλησίον,
1383 1722 1436 1770 ὡς
1465 1721 1515 1762 τὸ
1548 1717 1697 1771 amnis,
1728 1720 1753 1773 ἢ
1785 1721 1839 1770 εἰς
1867 1720 1941 1762 δύο

485 1793 695 1851 συλλαβὰς
724 1795 956 1851 διῃρημένα,
991 1795 1043 1842 ὡς
1072 1793 1122 1833 τὸ
1155 1801 1286 1830 arma.
1339 1791 1451 1832 ἀλλὰ
1481 1793 1551 1834 καὶ
1579 1793 1629 1833 τὸ
1650 1793 1814 1833 διπλοῦν
1835 1807 1942 1834 στοι-

484 1870 588 1923 χεῖον
626 1875 657 1903 Χ
686 1865 759 1906 δύο
793 1866 1009 1922 συμφώνων
1039 1864 1149 1918 τόπῳ
1181 1864 1429 1920 λειτουργεῒ’
1473 1864 1543 1905 καὶ
1571 1868 1695 1905 τοῦτο
1726 1864 1774 1905 δὲ
1804 1864 1874 1905 καὶ
1903 1863 1943 1904 ἐν

485 1941 537 1995 τῇ
570 1937 673 1994 αὐτῇ
704 1935 890 1993 συλλαβῇ
922 1933 1060 1976 εἴωθεν
1092 1932 1201 1986 εἶναι,
1235 1937 1287 1984 ὡς
1316 1935 1366 1975 τὸ
1398 1943 1496 1986 ΠΟΧ,
1529 1935 1599 1976 καὶ
1629 1935 1668 1976 ἐν
1689 1939 1742 1993 τῇ
1763 1935 1942 1987 πλησίον,

487 2010 539 2057 ὡς
570 2007 610 2048 ἐν
640 2012 698 2062 τῷ
731 2004 848 2057 ἄξων.
912 2007 1056 2063 ὁμοίως
1086 2007 1156 2047 καὶ
1186 2010 1337 2064 φωνῆεν
1368 2006 1477 2062 τόπῳ
1511 2008 1720 2064 συμφώνου
1752 2006 1942 2063 κείμενον,

488 2081 540 2127 ὡς
569 2079 618 2119 τὸ
650 2077 827 2124 <servus
858 2074 1083 2125 iniustus>

607 2371 627 2404 1
655 2367 870 2415 προσέρχεται
894 2382 956 2402 om.
983 2372 1025 2402 H
1043 2369 1047 2413 Ι
1069 2368 1104 2404 τὸ
1131 2376 1207 2402 ante
1231 2381 1247 2401 z
1273 2376 1304 2402 et
1326 2380 1347 2411 y
1372 2382 1434 2402 om.
1460 2372 1504 2402 H
1603 2368 1625 2402 2
1651 2371 1771 2404 Ζενονε
1794 2381 1851 2404 και
1874 2382 1944 2404 υια·

489 2434 574 2471 ζιντο
600 2432 644 2462 H
663 2425 697 2464 ἐν
723 2431 853 2473 Ζήνωνι
877 2441 938 2461 om.
965 2430 990 2461 S
1013 2424 1046 2463 ἓν
1071 2432 1118 2473 τῷ
1149 2427 1280 2472 Ζήνωνι
1297 2431 1380 2461 Keil
1392 2429 1586 2463 1‘AC1NTO
1617 2430 1643 2461 S
1736 2427 1759 2462 4
1784 2430 1946 2471 συλλαβη-

490 2495 592 2532 σεστῆ
617 2491 660 2521 H
676 2489 681 2532 Ι
704 2498 814 2532 φωνεΰ
838 2491 882 2521 H
991 2488 1012 2522 5
1049 2500 1196 2523 τουτεστι
1222 2490 1248 2521 S
1357 2488 1378 2522 6
1416 2490 1635 2532 συνλημῴεων
1660 2489 1734 2521 HS
1755 2500 1842 2521 corr.
1867 2489 1951 2520 Keil

492 2549 509 2582 7
538 2560 760 2591 συνεσταμενο
785 2550 860 2580 HS
882 2560 969 2580 corr.
996 2550 1078 2581 Keil
1171 2547 1193 2582 8
1219 2560 1319 2582 ποιειν
1345 2549 1417 2580 HS
1439 2560 1525 2581 corr.
1552 2549 1635 2581 Keil
1727 2547 1774 2581 1⁰
1797 2541 1844 2587 εἷς
1868 2549 1951 2580 Keil

491 2621 536 2647 οις
560 2609 632 2640 HS
754 2607 798 2641 11
843 2604 876 2642 αἱ
902 2620 963 2640 om.
990 2611 1034 2640 Hv
1155 2607 1200 2641 13
1243 2620 1289 2646 ως
1313 2620 1360 2641 τω
1387 2619 1416 2640 a.
1444 2619 1461 2639 e
1486 2609 1530 2640 H
1549 2620 1611 2640 om.
1638 2609 1664 2640 S
1684 2606 1744 2642 καὶ
1766 2608 1843 2640 add.
1868 2608 1951 2640 Keil

491 2667 536 2701 15
563 2679 629 2712 εχει
652 2669 696 2699 H
798 2666 845 2701 16
871 2679 966 2710 αμνις
990 2670 1034 2700 H
1053 2679 1114 2700 om.
1143 2669 1168 2699 S
1273 2667 1316 2701 17
1345 2679 1437 2710 αρμα
1462 2669 1505 2699 Η
1525 2679 1586 2700 om.
1614 2668 1641 2700 S
1741 2665 1788 2701 18
1811 2677 1897 2700 τονω
1922 2667 1950 2699 S

491 2725 550 2760 καὶ
574 2729 669 2760 τοῦτο
684 2744 728 2749 -
744 2729 875 2769 φωνῆεν
901 2739 962 2759 om.
989 2729 1033 2759 H
1124 2726 1170 2760 19
1196 2739 1279 2770 αυτ-η
1305 2739 1344 2770 τη
1364 2728 1390 2759 S
1404 2739 1491 2759 corr.
1511 2728 1593 2759 Keil
1685 2725 1731 2760 20
1756 2737 1857 2761 τοπου
1876 2727 1950 2759 HS

493 2798 579 2818 corr.
607 2787 687 2817 Keil
780 2784 824 2818 21
851 2797 964 2818 servus
990 2787 1131 2818 iniustus
1157 2788 1232 2818 add.
1259 2787 1341 2818 Keil

1965 1295 2010 1331 10

1970 1658 2012 1692 15

1969 2013 2015 2048 20
