2164 3471
169 827 190 860 5

149 1291 193 1326 10

150 1685 192 1720 15

1634 339 1688 380 85

214 471 248 502 p.
276 467 356 500 423.
384 468 453 498 424
480 460 525 491 K.

217 532 374 583 quater
423 528 718 584 inyeminant'
767 541 846 582 pro
899 531 1159 582 quaterque3
1213 529 1335 571 modo
1389 541 1465 582 pro
1513 541 1688 581 separa·
1741 541 1762 575 8

216 602 325 656 tiva,
357 604 460 652 <ut>

336 676 418 715 aut
449 685 583 714 onera
615 671 845 725 accipiunt
873 671 1127 714 venientum
1161 674 1240 713 aut
1271 670 1446 726 agmine
1477 671 1591 725 facto
1615 672 1630 724 ΙΙ

338 743 550 799 iymtvum
581 743 706 796 fucos
730 757 867 797 pecus
901 757 928 785 α
952 742 1241 797 praesepibus
1274 746 1435 785 (creent.

216 816 374 867 <item>

340 890 421 929 aut
451 890 554 929 ante
586 901 663 929 ora
695 887 824 929 deum
851 886 1042 941 pinquis
1074 886 1296 939 spatiatur
1328 886 1385 927 acl
1418 899 1532 937 aras,

219 959 343 1001 modo
375 958 522 1001 fundit
552 960 675 1002 modo
708 959 939 1012 spatiatur.
1002 958 1133 1009 <item

338 1029 570 1072 semineces
600 1030 733 1072 volvit
762 1029 919 1071 multos
951 1033 1032 1071 aut
1062 1028 1243 1084 aymz'na
1276 1042 1415 1071 curru

331 1101 547 1155 proterit>
580 1105 661 1144 aut
690 1104 842 1155 raptas
875 1100 1153 1156 sumentibus
1184 1100 1352 1155 ingerit
1381 1099 1538 1143 hastas.

600 1270 717 1328 <DE
753 1268 1296 1327 INTERIECTIONE>

284 1400 287 1401 ⁷
337 1388 456 1431 LXI.
507 1388 763 1431 Interiectio
786 1391 853 1430 est
869 1400 972 1441 pars
989 1388 1201 1430 orationis
1218 1387 1468 1442 significans
1487 1387 1689 1429 affectum

219 1460 370 1503 animi:
402 1460 528 1504 vario
560 1462 707 1502 autem
741 1459 899 1502 affectu
931 1471 1174 1512 movemur3
1217 1463 1296 1501 aut-
1328 1459 1441 1501 enim
1472 1458 1691 1500 laetitiam

218 1531 536 1586 significamus,
579 1535 630 1574 ut
661 1543 720 1574 va
754 1543 879 1585 evax,
912 1535 991 1574 aut
1023 1531 1234 1584 dolorem,
1278 1534 1329 1573 ut
1359 1543 1443 1574 vae
1473 1530 1579 1583 heu,
1613 1533 1691 1571 aut

219 1603 587 1657 ammirationem,
629 1605 680 1645 ut
720 1603 862 1645 babae
905 1603 1025 1645 eheu.
1095 1615 1149 1644 ex
1190 1603 1258 1645 his
1300 1602 1447 1656 colligi
1490 1601 1690 1654 deinceps

218 1675 297 1718 alii
317 1677 460 1718 motus
483 1675 723 1717 animorum
745 1677 939 1727 possunt.
991 1686 1104 1726 apex
1125 1674 1311 1716 Donati:
1345 1677 1423 1716 aut
1444 1672 1690 1727 metuentiS,

219 1749 271 1789 ut
301 1746 343 1789 ei
374 1749 512 1802 attat,
545 1749 624 1789 aut
655 1746 872 1800 optantis,
905 1749 955 1788 ut
986 1758 1009 1788 o
1041 1745 1221 1788 utinam.
1283 1746 1359 1788 sed
1389 1745 1498 1788 haec
1529 1743 1690 1787 Graeci

220 1818 431 1862 adverbio
475 1817 722 1873 applicant,
767 1818 879 1870 quod
921 1818 1018 1860 ideo
1051 1817 1205 1860 Latini
1235 1829 1320 1860 non
1352 1816 1544 1871 faciunt,
1586 1815 1689 1868 quia

218 1889 400 1933 huiusce
429 1890 548 1933 modi
577 1902 707 1933 voces
736 1903 824 1933 non
856 1889 1009 1932 statim
1041 1888 1321 1941 subsequitur
1341 1889 1534 1932 verbum.
1584 1887 1689 1930 licet

220 1964 369 2004 autem
400 1974 478 2016 pro
508 1960 816 2004 interiectione
848 1959 912 2018 [τό
943 1964 1088 2003 autem
1110 1958 1400 2020 παρενθέσεως]
1423 1959 1556 2002 etiam
1579 1958 1689 2002 alias

338 2083 429 2116 LXI.
481 2080 498 2114 1
531 2083 631 2115 Char.
657 2083 739 2122 238,
768 2082 910 2114 18—22
975 2078 1069 2112 2—4
1096 2094 1140 2108 =
1166 2082 1257 2112 Don.
1278 2090 1364 2123 591,
1391 2089 1567 2122 27—392,
1590 2089 1618 2118 3
1642 2080 1689 2120 cf.

220 2142 312 2185 Jeep,
337 2143 495 2175 Redeteile
521 2142 567 2175 16

339 2248 362 2282 3
406 2250 498 2292 Wrg.
527 2250 640 2293 Georg.
667 2250 727 2281 IV
745 2249 814 2289 167
839 2261 883 2275 =
910 2250 990 2280 Aen.
1018 2249 1043 2280 I
1061 2258 1132 2288 434
1278 2246 1299 2280 6
1344 2248 1434 2290 Verg.
1459 2249 1540 2278 Aen.
1567 2247 1627 2277 IV
1644 2245 1689 2277 62

219 2307 242 2343 8
275 2310 365 2352 Vcrg.
391 2311 474 2341 Aen.
498 2310 582 2341 XII
591 2319 668 2351 329

338 2415 361 2449 1
388 2421 438 2448 ter
463 2421 646 2459 quaterque
665 2417 778 2448 Diem.
805 2427 905 2458 separ
930 2417 957 2448 S
978 2427 1063 2449 corr.
1081 2416 1165 2447 Keil
1258 2413 1279 2446 2
1297 2419 1333 2446 ut
1351 2415 1467 2446 addidi
1553 2411 1575 2445 3
1601 2413 1686 2444 acci-

219 2476 358 2518 piuntur
383 2481 441 2507 aut
465 2477 602 2518 agmine
627 2477 654 2508 S
780 2475 801 2509 5
826 2476 906 2507 item
933 2476 1050 2507 addidi
1073 2486 1088 2506 e
1111 2475 1225 2507 Diem.
1351 2473 1368 2506 7
1395 2474 1474 2505 item
1489 2491 1533 2496 —
1548 2473 1688 2514 proterit

219 2535 338 2567 addidi
373 2546 389 2568 e
419 2536 535 2568 Diem.
682 2534 704 2568 9
747 2541 778 2566 et
811 2540 923 2577 raptas
954 2536 1068 2566 Diom.
1101 2535 1134 2566 R
1171 2535 1306 2577 Vergilii
1447 2531 1494 2566 10
1535 2529 1601 2563 DE
1625 2533 1688 2563 IN-

218 2595 533 2628 TERIECTIONE
558 2595 634 2627 add.
660 2596 744 2627 Keil
842 2594 887 2628 11
914 2595 1083 2626 adfectum
1114 2594 1212 2626 Char.
1316 2591 1363 2626 12
1388 2593 1522 2624 adfectu
1551 2592 1650 2624 Char.
1680 2589 1683 2635 1

220 2655 312 2686 enim
338 2655 421 2687 Keil
448 2665 524 2687 cum
550 2655 577 2686 S
603 2665 684 2686 nam
710 2659 767 2686 aut
795 2655 894 2686 Char.
919 2653 923 2697 l
946 2654 1112 2685 laetitiam
1139 2654 1241 2684 animi
1264 2654 1362 2685 Clzar.
1460 2651 1506 2684 13
1533 2652 1686 2683 dolorem

219 2713 343 2745 VAEE
360 2714 456 2745 HEV
482 2720 541 2746 aut
566 2715 837 2745 ammirationem
862 2719 899 2745 ut
923 2725 967 2745 ua
985 2714 1089 2748 VAE.
1108 2713 1232 2744 PHEV
1251 2714 1278 2744 S
1299 2724 1385 2744 corr.
1403 2713 1488 2744 Keil
1578 2710 1625 2744 16
1650 2716 1687 2742 ut

220 2771 254 2805 Εἰ
287 2776 362 2806 atffi
392 2775 419 2806 S
444 2772 449 2817 Ι
478 2774 538 2805 sed
570 2774 653 2805 haec
679 2774 803 2806 Graeci
830 2774 857 2805 S
885 2773 1138 2805 interiectiones
1171 2773 1259 2814 greci
1285 2773 1330 2804 H
1336 2773 1386 2804 M
1404 2772 1460 2804 sed
1486 2773 1569 2803 haee
1594 2771 1686 2812 apud

221 2833 370 2866 Graecos
397 2833 561 2865 adverbio
587 2833 804 2875 adplicantur
828 2834 918 2865 Don.
