2164 3471
1649 335 1699 376 11

235 465 267 496 p.
296 453 375 494 381.
404 452 470 494 382
499 454 544 484 K.

806 548 900 596 DE
936 548 1120 596 VOCE

352 666 427 709 VI.
490 666 587 708 Vox
619 669 685 708 est
717 679 794 709 aer
825 666 938 709 ictus
970 666 1189 709 sensibilis
1221 666 1387 721 auditu,
1421 670 1631 719 quantum
1653 667 1698 710 in

231 739 325 792 ipso
357 741 435 781 est.
498 738 633 781 omnis
665 751 751 781 vox
784 741 862 781 aut
894 737 1133 780 articulata
1165 740 1232 780 est
1254 741 1333 780 aut
1356 738 1557 791 confusa3
1591 739 1696 781 arti·
1748 749 1770 783 2

233 809 382 853 culata
423 813 490 852 est
535 822 647 862 quae
677 810 841 852 litteris
873 808 1177 862 comprehendi
1209 812 1377 862 potest3
1421 809 1602 853 confusa
1634 814 1701 853 est

182 893 204 928 5
232 894 345 935 quae
375 881 511 924 scribi
543 894 630 924 non
662 886 821 935 potest.

750 1047 844 1097 DE
881 1049 1185 1096 LITTERIS

349 1167 449 1211 VII.
513 1167 688 1210 Littera
730 1170 797 1210 est
829 1167 1088 1210 elementum
1120 1168 1239 1210 vocis
1271 1168 1550 1211 articulatae.
1613 1167 1698 1211 ele-

229 1242 422 1282 mentum
454 1242 522 1282 est
553 1239 682 1282 unius
715 1239 922 1292 cuiusque
953 1239 1018 1281 rei
1049 1239 1235 1293 initium,
1268 1252 1294 1281 a
1317 1252 1399 1292 quo
1422 1239 1609 1282 sumitur
1630 1239 1696 1281 in-

230 1314 495 1354 crementum
538 1314 584 1353 et
623 1311 670 1353 in
713 1312 827 1363 quod
867 1310 1116 1355 resolvitur.
1179 1311 1384 1353 accidunt
1425 1311 1500 1353 um'
1543 1311 1698 1364 cuique

159 1394 202 1429 10
227 1383 407 1426 litterae
437 1395 594 1425 nomen
624 1382 766 1436 figura
797 1386 1005 1435 potestas.
1056 1394 1211 1424 nomen
1240 1386 1307 1424 est
1329 1395 1412 1434 quo
1434 1382 1696 1437 appellatur,

227 1455 369 1509 figura
427 1467 514 1507 qua
572 1457 774 1508 notatur,
833 1457 1031 1508 potestas
1091 1466 1177 1506 qua
1228 1453 1361 1497 valet.
1444 1454 1696 1497 litterarum

228 1531 332 1570 sunt
389 1526 505 1569 aliae
557 1526 752 1580 vocales,
812 1527 927 1568 aliae
986 1530 1285 1569 consonantes.
1368 1525 1541 1569 vocales
1594 1528 1697 1568 sunt

229 1611 341 1651 quae
397 1610 476 1651 per
527 1611 573 1641 se
619 1597 906 1651 proferuntur
958 1601 1003 1640 et
1055 1610 1133 1651 per
1179 1610 1225 1640 se
1278 1597 1493 1652 syllabam
1551 1597 1698 1640 facere

228 1677 421 1724 possunt.
483 1673 585 1712 sunt
617 1674 763 1712 autem
795 1681 972 1712 numero
996 1670 1048 1725 V,
1083 1682 1110 1712 a
1142 1682 1165 1712 e
1196 1670 1212 1711 i
1244 1682 1266 1712 o
1299 1682 1339 1712 u.
1402 1681 1455 1712 ex
1482 1669 1549 1712 his
1573 1670 1695 1724 duae,
1751 1681 1766 1689 ⁷

159 1752 202 1787 15
228 1741 244 1784 i
276 1744 322 1784 et
352 1754 402 1795 u,
445 1744 677 1784 transeunt
717 1741 763 1783 in
802 1741 1131 1784 consonantium
1163 1744 1449 1795 potestatem,
1491 1753 1587 1783 cum
1620 1745 1698 1784 aut

228 1813 351 1867 ipsae
391 1813 509 1856 inter
551 1825 598 1856 se
639 1813 918 1866 geminantur
960 1816 1038 1856 aut
1080 1825 1175 1855 cum
1215 1812 1314 1855 aliis
1345 1812 1570 1855 vocalibus
1601 1812 1696 1855 iun-

229 1888 413 1939 guntur,
468 1884 609 1928 veluti
655 1885 685 1928 J
688 1897 772 1928 uno
819 1888 961 1930 vates.
1040 1884 1369 1928 consonantium
1416 1884 1582 1937 species
1631 1888 1698 1927 est
1748 1896 1769 1931 6

230 1956 403 2009 duplex.
465 1961 568 1999 sunt
600 1956 713 1999 enim
747 1956 861 1999 aliae
889 1956 1183 2010 semivocales,
1216 1956 1331 1998 aliae
1352 1958 1510 1998 mutae.
1572 1956 1697 1998 semi-

230 2028 404 2071 vocales
427 2029 441 2084 ΙΙ
464 2031 567 2071 sunt
609 2041 720 2081 quae
761 2040 840 2081 per
881 2041 927 2071 se
965 2029 1137 2081 quidem
1168 2027 1472 2081 proferuntur,
1514 2029 1591 2070 sed
1621 2040 1699 2080 per

158 2110 205 2146 20
231 2111 278 2142 se
309 2099 525 2154 syllabam
556 2100 704 2143 facere
735 2113 819 2143 non
851 2104 1044 2153 possunt.
1106 2103 1208 2142 sunt
1230 2102 1377 2142 autem
1398 2111 1575 2142 numero
1599 2100 1699 2154 VII,

350 2235 407 2266 VI.
457 2235 570 2266 Diom.
598 2243 678 2273 420,
707 2234 824 2279 8—15
888 2234 979 2264 Don.
1001 2232 1086 2273 367,
1114 2240 1208 2272 4—-7
1270 2233 1419 2273 Explan.
1439 2242 1525 2274 519,
1555 2233 1699 2271 15—18

237 2295 356 2326 Victor,
385 2295 463 2336 189,
492 2295 610 2332 8-13
659 2294 786 2324 Audax
805 2303 892 2333 323,
919 2294 1017 2332 4-8
1112 2293 1276 2325 Vll.—X.
1331 2292 1432 2324 Char.
1463 2301 1490 2331 7,
1513 2300 1646 2331 5—11,
1670 2300 1699 2331 5

228 2354 342 2385 Diom.
368 2364 448 2393 421,
478 2363 652 2393 14-423,
674 2363 726 2392 33
775 2354 864 2384 Don.
886 2353 971 2392 367,
1001 2352 1150 2391 8—568,
1182 2352 1229 2383 18
1283 2351 1400 2384 Victor.
1422 2361 1460 2390 5,
1490 2361 1631 2393 14—29

349 2471 370 2505 2
389 2478 515 2514 quanto
531 2473 556 2504 S
626 2472 648 2505 3
667 2473 880 2504 inarticulata
893 2484 981 2504 corr.
998 2472 1137 2503 confusa
1150 2472 1194 2503 H
1203 2472 1344 2503 confusa
1358 2472 1383 2502 S
1394 2476 1424 2502 et
1435 2482 1543 2502 omncs
1550 2482 1696 2514 gramm.

229 2530 252 2565 4
278 2532 495 2564 inarticulata
519 2534 564 2564 H
584 2537 633 2564 est
659 2544 721 2564 om.
746 2533 791 2564 H
889 2531 910 2565 6
948 2532 1061 2563 littera
1087 2531 1113 2562 S
1135 2532 1179 2572 cs.
1205 2531 1254 2562 W.
1270 2532 1308 2572 f.
1334 2532 1378 2562 kl.
1404 2531 1466 2562 Pla.
1494 2541 1596 2573 1910,
1625 2541 1695 2573 991

228 2589 275 2625 10
300 2592 433 2623 litterae
458 2603 584 2624 nomen
609 2592 719 2633 figura
743 2604 805 2624 om.
833 2593 859 2624 S
923 2590 968 2624 12
994 2591 1083 2622 aliae
1109 2595 1187 2622 sunt
1216 2591 1316 2622 Char.
1343 2591 1462 2621 Victor.
1525 2589 1571 2622 13
1597 2591 1696 2632 sylla-

228 2652 308 2683 bam
334 2663 395 2684 om.
423 2652 450 2683 S
550 2649 597 2685 14
623 2662 662 2683 ex
689 2652 811 2694 quibus
838 2652 905 2683 duo
930 2654 976 2684 H
994 2652 1115 2683 harum
1143 2651 1243 2682 Char.
1270 2652 1361 2682 Don.
1387 2650 1504 2683 Victor.
1531 2660 1571 2681 ex
1598 2650 1649 2681 his
1676 2651 1703 2681 S

227 2712 343 2743 Diom.
466 2710 512 2744 15
551 2712 688 2753 quando
724 2717 781 2742 aut
808 2712 903 2754 ipsae
928 2713 973 2743 H
993 2721 1070 2742 eum
1097 2716 1208 2742 autem
1235 2711 1310 2752 ipse
1336 2711 1362 2741 S
1383 2720 1459 2742 cum
1479 2709 1699 2752 grammatici

229 2769 276 2804 16
288 2771 472 2812 iunguntur
484 2772 530 2803 H
540 2771 640 2804 Char.
655 2772 745 2803 Don.
764 2771 842 2803 Vict.
859 2771 1112 2813 coniunguntur
1127 2771 1152 2802 S
1198 2769 1242 2803 17
1259 2775 1354 2802 vates
1369 2781 1430 2801 om.
1445 2770 1490 2801 H
1533 2767 1579 2801 20
1594 2769 1697 2812 sylla-

229 2831 308 2862 bam
334 2842 396 2863 om.
424 2831 473 2874 Sl
496 2841 637 2862 numero
663 2843 725 2863 om.
754 2831 780 2862 S
