2164 3471
1621 306 1674 347 21

212 433 246 464 p.
273 422 352 464 386.
382 421 448 463 387
477 422 521 454 K.

211 492 326 535 ficat.
386 491 476 547 his,
520 496 569 535 ut
606 505 738 547 supra
771 494 934 537 dictum
966 499 1054 549 est,
1096 496 1310 539 accedunt
1340 498 1521 549 propter
1550 507 1672 550 pere·
1702 507 1745 541 10

211 564 364 619 grinas
395 564 607 608 dictiones
640 579 663 607 z
696 569 740 608 et
771 578 811 620 y,
844 570 894 608 ut
924 566 970 609 in
1002 567 1174 610 Zenone
1207 571 1251 610 et
1283 567 1548 621 Hyazintho.

719 735 812 782 DE
848 735 1161 782 SYLLABA

326 851 407 894 XI.
469 851 650 905 Syllaba
684 857 749 894 est
780 852 934 895 littera
966 853 1130 896 vocalis
1158 853 1230 896 vel
1251 853 1501 896 litterarum
1524 859 1672 896 coetus

160 933 182 967 5
206 935 286 976 per
326 922 518 976 aliquam
562 924 757 966 vocalem
799 924 1150 979 comprehensus,
1193 925 1272 968 hoc
1315 930 1381 968 est
1421 925 1670 967 litterarum

206 994 358 1036 iuncta
409 994 666 1038 enuntiatio.
747 995 946 1049 syllabae
1000 996 1204 1039 dicuntur
1256 1009 1283 1039 a
1336 997 1506 1050 graecis
1559 1009 1669 1039 com-

206 1065 576 1118 prehensionibus.
637 1068 721 1110 hae
763 1072 909 1110 autem
951 1071 1028 1110 aut
1065 1068 1221 1110 breves
1259 1072 1360 1111 sunt
1393 1072 1471 1111 aut
1500 1068 1668 1122 longae.

206 1138 363 1180 breves
404 1142 607 1191 correpta
649 1138 813 1181 vocalis
855 1139 964 1181 facit
1007 1147 1084 1181 aut
1126 1152 1221 1182 cum
1254 1140 1539 1182 antecedente
1572 1152 1668 1183 con-

205 1215 390 1252 sonante
420 1211 574 1253 littera
606 1210 771 1253 vocalis
802 1211 849 1252 in
878 1211 963 1253 fine
995 1211 1192 1265 syllabae
1225 1211 1481 1265 corripitur,
1515 1212 1669 1265 longas

136 1290 180 1325 10
204 1282 430 1334 producta.
492 1282 539 1324 in
581 1282 706 1324 brevi
748 1282 920 1336 syllaba
959 1287 1129 1336 tempus
1167 1287 1233 1325 est
1265 1295 1417 1336 unum,
1460 1283 1506 1325 in
1537 1283 1668 1337 longa

206 1353 300 1395 duo.
323 1353 338 1397 ΙΙ

323 1424 532 1478 Syllabae
570 1430 647 1468 aut
679 1429 841 1468 natura
871 1426 1030 1480 longae
1061 1430 1162 1469 sunt
1196 1430 1272 1469 aut
1303 1426 1530 1479 positione.
1591 1438 1666 1468 na-

204 1499 308 1539 tura
347 1497 508 1551 longae
547 1497 679 1551 fiunt,
722 1510 816 1540 cum
859 1499 1057 1552 singulae
1094 1498 1268 1541 vocales
1299 1498 1478 1541 litterae
1509 1498 1664 1550 produ-

205 1572 374 1622 cuntur,
404 1571 456 1611 ut
487 1581 515 1611 a
546 1572 592 1611 et
624 1581 658 1623 e,
690 1575 769 1612 aut
800 1582 896 1612 cuin
928 1571 1050 1623 duae,
1082 1574 1130 1612 ut
1153 1583 1221 1623 ua,
1254 1574 1333 1612 aut
1365 1582 1460 1612 cum
1481 1574 1584 1624 tres
1616 1576 1665 1612 ut

133 1650 177 1684 15
203 1651 307 1693 uae3
329 1639 544 1693 positione
566 1645 725 1695 autem,
749 1653 844 1683 cum
867 1646 1070 1695 correpta
1089 1641 1255 1685 vocalis
1277 1645 1507 1694 sequentes
1529 1642 1665 1684 habet

205 1710 312 1753 duas
365 1716 662 1755 consonantes.
739 1716 784 1754 et
837 1713 920 1755 hae
968 1718 1046 1756 aut
1091 1713 1138 1755 in
1185 1714 1334 1756 eadem
1380 1713 1552 1767 syllaba
1598 1713 1662 1755 in-

202 1783 452 1838 veniuntur,
484 1788 534 1826 ut
566 1796 650 1838 ars,
683 1788 762 1826 aut
792 1785 838 1827 in
869 1784 1076 1839 proxima,
1108 1791 1158 1828 ut
1190 1785 1340 1839 amnis,
1373 1789 1451 1827 aut
1480 1785 1527 1827 in
1555 1785 1663 1827 duas

201 1854 398 1908 syllabas
429 1855 608 1910 divisae,
640 1860 690 1898 ut
722 1869 853 1899 arma.
895 1857 971 1899 sed
1003 1860 1048 1899 et
1079 1857 1238 1911 duplex
1258 1857 1411 1900 littera
1432 1870 1461 1899 x
1484 1858 1663 1899 duarum

202 1927 531 1969 consonantium
571 1927 664 1970 loco
706 1928 917 1982 fungitur.
989 1929 1097 1971 haec
1139 1941 1308 1981 quoque
1350 1933 1393 1971 et
1434 1929 1480 1971 in
1513 1930 1662 1971 eadem

128 2009 174 2044 20
199 1997 373 2052 syllaba
402 1998 513 2041 solet
546 2012 660 2054 esse,
691 2004 742 2043 ut
773 2012 880 2054 nox,
913 2003 957 2043 et
988 2000 1034 2043 in
1064 2000 1273 2054 proxima,
1304 2004 1354 2042 ut
1386 2000 1493 2043 axis.
1554 2000 1661 2043 item

199 2073 244 2112 et
274 2070 442 2113 vocalis
472 2070 565 2114 loco
599 2072 877 2115 consonantis
908 2072 1064 2126 posita,
1097 2076 1145 2114 ut
1178 2084 1331 2115 servus
1362 2072 1561 2115 iniustus,

317 2203 375 2234 XI.
429 2203 530 2235 Char.
559 2214 612 2241 II,
641 2214 765 2246 9—23

315 2308 338 2342 1
364 2315 415 2342 est
439 2322 502 2343 om.
529 2312 555 2342 S
573 2309 578 2354 Ι
601 2312 760 2343 accidunt
785 2313 859 2344 HS
873 2323 960 2344 corr.
981 2312 1096 2344 Oehler
1209 2310 1230 2344 2
1255 2313 1414 2353 yacintho
1440 2314 1484 2344 H
1505 2313 1659 2354 yacincto

197 2370 224 2401 S
245 2380 335 2402 corr.
359 2370 444 2402 Keil
560 2370 582 2403 3
617 2371 668 2413 Cf.
699 2372 823 2404 Comin.
852 2372 922 2411 136
945 2383 978 2403 n.
1000 2382 1028 2411 5>
1149 2370 1172 2404 4
1205 2378 1253 2404 est
1278 2372 1463 2403 litterarum
1489 2373 1659 2404 uocalium

196 2434 255 2461 aut
278 2429 465 2461 litterarum
490 2436 604 2463 coetus
630 2432 675 2462 H
694 2432 802 2463 coitus
831 2432 930 2463 Clzar.
955 2430 958 2474 Ι
982 2428 1048 2475 vel]
1076 2437 1132 2463 aut
1161 2432 1261 2464 Char.
1360 2430 1380 2464 5
1411 2433 1658 2474 conprehensus

195 2490 242 2521 H
332 2487 354 2522 9
379 2490 513 2523 litterae
537 2492 666 2523 uocalis
691 2493 736 2523 H
756 2492 902 2523 uocalib.
929 2503 1016 2523 corr.
1044 2491 1172 2522 uocalis
1198 2492 1224 2523 S
1242 2490 1247 2534 Ι
1270 2491 1392 2523 sillaba
1416 2493 1461 2523 H
1479 2492 1612 2533 syllaba
1636 2492 1662 2523 S

195 2560 284 2581 corr.
309 2550 394 2581 Keil
486 2548 532 2583 12
558 2548 679 2583 nami-a
702 2551 788 2583 fiunt
812 2551 935 2592 longae
960 2552 1005 2583 H
1096 2549 1142 2584 14
1168 2557 1203 2583 ut
1229 2562 1258 2585 a.
1287 2562 1304 2583 e
1329 2550 1393 2594 H}
1417 2552 1485 2582 duo
1510 2551 1576 2594 H}
1599 2552 1658 2583 alit

195 2619 240 2640 ua
265 2610 293 2641 S
316 2607 322 2652 Ι
343 2610 408 2641 tria
431 2612 477 2642 H
592 2609 638 2644 15
676 2611 854 2643 uocalibus
880 2612 907 2643 S
1024 2609 1068 2643 17
1107 2616 1143 2642 ut
1168 2623 1230 2643 om.
1257 2611 1284 2642 S
1400 2608 1446 2645 18
1484 2616 1520 2642 ut
1545 2623 1607 2644 om.
1634 2612 1660 2643 S

194 2667 242 2702 19
281 2669 368 2702 haec
394 2671 733 2712 quoque—vocalis
758 2682 820 2702 om.
846 2672 891 2702 H
1030 2669 1074 2703 '21
1109 2676 1145 2702 ut
1170 2682 1231 2702 om.
1259 2671 1285 2702 S
1319 2668 1322 2713 Ι
1362 2671 1505 2703 iniustus
1531 2683 1592 2703 om.
1619 2673 1663 2703 H

195 2722 379 2771 ‘praestant
409 2731 494 2762 idem
527 2736 559 2762 et
587 2731 714 2763 vocales
746 2731 875 2763 litterae
906 2731 974 2763 loco
1007 2731 1256 2763 consonantium
1274 2732 1420 2772 positae,
1453 2732 1468 2763 i
1491 2737 1521 2763 ct
1544 2743 1584 2769 u,
1619 2737 1659 2763 ut

193 2799 308 2821 servus
331 2785 483 2822 iniustus’
515 2790 614 2822 Clzar.
642 2791 684 2822 cf.
711 2790 802 2832 Jeep,
829 2792 984 2823 Redeteile
1010 2792 1083 2823 118
1104 2802 1137 2822 n.
1158 2800 1187 2830 3

1719 1080 1739 1114 10
